Primary Key,Order No_x,Segment Number_x,Order Date,Manufacturer,Model,Product Category,Model Year,Serial Number,Meter 1 Reading,Complaint,Cause,Correction,Failure Condition - Failure Component,Fix Condition - Fix Component,Order No_y,Segment Number_y,Coverage,Qty,Part Manufacturer,Part Number,Part Description,Revenue,Cost,Invoice Date,Actual Hours,Segment Total $
SO0005588-1,SO0005588,1,4/30/2022,PASEIH,6780,APPL,,YFT042399,2531.0999,"No cab heat, temp gauge dont get to operating temp.",Unknown,"When I drove the device into the workshop, the temperature display rose well over 200 degrees. The unit was found to be extremely low on antifreeze, I added 6 gallons to reach the correct level. Check the engine oil to see if antifreeze is leaking. Found t","No Heat - Cab, Not Achieving - Gauge",No Component Mentioned - Added,SO0005588,1,mike 102-305-1811,37,PASE,042094R9-Q     PASE,NO.1-15W40 CJ4QT,127.2799,96.1999,5/17/2022,6.3798,1048.3596
SO0005907-1,SO0005907,1,4/30/2022,PASEIH,6780,APPL,,YFT042399,2531.0999,"No cab heat, temp gauge dont get to operating temp.",Unknown,"When I drove the device into the workshop, the temperature display rose well over 200 degrees. The unit was found to be extremely low on antifreeze, I added 6 gallons to reach the correct level. Check the engine oil to see if antifreeze is leaking. Found t","No Heat - Cab, Not Achieving - Gauge",No Component Mentioned - Added,SO0005907,1,mike 102-305-1811,1,PASE,25505353     PASE,FLUID,30,22.68,5/17/2022,6.3798,1048.3596
SO0006100-1,SO0006100,1,4/30/2022,PASEIH,6780,APPL,,YFT042399,2531.0999,"No cab heat, temp gauge dont get to operating temp.",Unknown,"When I drove the device into the workshop, the temperature display rose well over 200 degrees. The unit was found to be extremely low on antifreeze, I added 6 gallons to reach the correct level. Check the engine oil to see if antifreeze is leaking. Found t",Not Charging - Alternator,No Component Mentioned - No Component Mentioned,SO0006100,1,mike 102-305-1811,3,PASE,25500540     PASE,ACTIFUL OT PREMIX,126,78.3,5/17/2022,6.3798,1048.3596
SO0006642-1,SO0006642,1,4/30/2022,PASEIH,6780,APPL,,YFT042399,2531.0999,"No cab heat, temp gauge dont get to operating temp.",Unknown,"When I drove the device into the workshop, the temperature display rose well over 200 degrees. The unit was found to be extremely low on antifreeze, I added 6 gallons to reach the correct level. Check the engine oil to see if antifreeze is leaking. Found t",Faulty - Fan,"Tensioner - Removed, Crankshaft Pulley - Cleaned",SO0006642,1,mike 102-305-1811,1,PASE,30171372     PASE,FILTER  ENGINE OIL,157.5,99.79,5/17/2022,6.3798,1048.3596
SO0018457-1,SO0018457,1,4/30/2022,PASEIH,6780,APPL,,YFT042399,2531.0999,"No cab heat, temp gauge dont get to operating temp.",Unknown,"When I drove the device into the workshop, the temperature display rose well over 200 degrees. The unit was found to be extremely low on antifreeze, I added 6 gallons to reach the correct level. Check the engine oil to see if antifreeze is leaking. Found t",Oil Loss - Not Mentioned,No Component Mentioned - No Component Mentioned,SO0018457,1,mike 102-305-1811,1,PASE,MCC54101     PASE,LOCTITE,7.5499,5.5099,5/17/2022,6.3798,1048.3596
SO0018457-2,SO0018457,2,5/9/2022,PASEIH,6780,APPL,,YFT042399,2579.1999,Alternator not charging.,Unknown,"Cleaned the connections to the alternator. Check whether the chassis is well grounded. Checked the voltage on the excitation cable. Bypassing the stock wiring with a set of jumper cables and energizing the alternator manually, it still wouldn't charge","Unavailable - Suspension, Unavailable - Axle","Fuse - Replaced, VT - Cleared Fault, VT - Reinitiated",SO0018457,2,Mark 102-970-7135,-1,PASE,30020510C     PASE,REMAN-ALTERNATOR - CORE,-40,-40,5/12/2022,3.68,1034.17
SO0018457-2,SO0018457,2,5/9/2022,PASEIH,6780,APPL,,YFT042399,2579.1999,Alternator not charging.,Unknown,"Cleaned the connections to the alternator. Check whether the chassis is well grounded. Checked the voltage on the excitation cable. Bypassing the stock wiring with a set of jumper cables and energizing the alternator manually, it still wouldn't charge","Unavailable - Suspension, Unavailable - Axle","Fuse - Replaced, VT - Cleared Fault, VT - Reinitiated",SO0018457,2,Mark 102-970-7135,-1,PASE,30989845     PASE,REMAN-ALTERNATOR - CORE,-40,-40,5/12/2022,3.68,1034.17
SO0018596-10,SO0018596,10,5/25/2022,PASEIH,6780,APPL,,YFT042399,2641.9,Still losing oil. would like this address now. Engine codes- Reference Service Order -5588,Unknown,"I started by pulling off the hood, separating the air filter housing brackets and all the accessories attached to it. HOUSING REMOVED AND ENGINE OIL, COOLANT AND HYDRAULIC FLUID Drained. RECOVERED REFRIGERANT. ALL CONNECTED PIPES AND HOSES REMOVED",Not Mentioned - No Component Mentioned,"Bolt - Replaced, Thread - Cleaned, No Component Mentioned - Installed, No Component Mentioned - Retightened",SO0018596,10,Not Specified,6,PASE,30527348     PASE,ACTIFUL OT PREMIX,264,168.8199,7/22/2022,60.0696,47856.9793
SO0018596-11,SO0018596,11,5/25/2022,PASEIH,6780,APPL,,YFT042399,2641.9,Still losing oil. would like this address now. Engine codes- Reference Service Order -5588,Unknown,"I started by pulling off the hood, separating the air filter housing brackets and all the accessories attached to it. HOUSING REMOVED AND ENGINE OIL, COOLANT AND HYDRAULIC FLUID Drained. RECOVERED REFRIGERANT. ALL CONNECTED PIPES AND HOSES REMOVED","Missed - No Component Mentioned, Missed - No Component Mentioned",No Component Mentioned - Installed,SO0018596,11,Not Specified,1,PASE,32977377     PASE,BELT,79.75,47.56,7/22/2022,60.0696,47856.9793
SO0018596-12,SO0018596,12,5/25/2022,PASEIH,6780,APPL,,YFT042399,2641.9,Still losing oil. would like this address now. Engine codes- Reference Service Order -5588,Unknown,"I started by pulling off the hood, separating the air filter housing brackets and all the accessories attached to it. HOUSING REMOVED AND ENGINE OIL, COOLANT AND HYDRAULIC FLUID Drained. RECOVERED REFRIGERANT. ALL CONNECTED PIPES AND HOSES REMOVED",Leak - Coupler,"Coupler - Replaced, Machine - Tested",SO0018596,12,Not Specified,1,PASE,30020510R     PASE,FILTER  ELEMENT,192,120.2,7/22/2022,60.0696,47856.9793
SO0018596-13,SO0018596,13,5/25/2022,PASEIH,6780,APPL,,YFT042399,2641.9,Still losing oil. would like this address now. Engine codes- Reference Service Order -5588,Unknown,"I started by pulling off the hood, separating the air filter housing brackets and all the accessories attached to it. HOUSING REMOVED AND ENGINE OIL, COOLANT AND HYDRAULIC FLUID Drained. RECOVERED REFRIGERANT. ALL CONNECTED PIPES AND HOSES REMOVED",Missed - Boom,"Bracket - Installed, Bolt - Installed",SO0018596,13,Not Specified,1,PASE,14041035     PASE,HOSE,275,170.31,7/22/2022,60.0696,47856.9793
SO0018596-3,SO0018596,3,5/9/2022,PASEIH,6780,APPL,,YFT042399,2579.1999,Alternator not charging.,Unknown,"Cleaned the connections to the alternator. Check whether the chassis is well grounded. Checked the voltage on the excitation cable. Bypassing the stock wiring with a set of jumper cables and energizing the alternator manually, it still wouldn't charge",Error Code - Nozzle,No Component Mentioned - No Component Mentioned,SO0018596,3,Mark 102-970-7135,1,PASE,888711R7-Q     PASE,REMAN-ALTERNATOR,550,345.8299,5/12/2022,3.68,1034.17
SO0018596-4,SO0018596,4,5/12/2022,PASEIH,6780,APPL,,YFT042373,2409.5,Having fan belt issues,Unknown,"The customer had problems with the device eating the fan belts. Jordan isolated it to the fan belt tensioner. I removed the fan belt and then removed the tensioner. The crankshaft pulley was full of crap and sharp edges, so I ran the unit and used a wire brush to clean the G",Not Opening - Door,Gas Strut - Installed,SO0018596,4,mike 780-305-1900,1,PASE,8392418     PASE,TENSIONER  BELT,219,153.3,5/23/2022,2.22,601.7699
SO0018596-5,SO0018596,5,5/12/2022,PASEIH,6780,APPL,,YFT042373,2409.5,Having fan belt issues,Unknown,"The customer had problems with the device eating the fan belts. Jordan isolated it to the fan belt tensioner. I removed the fan belt and then removed the tensioner. The crankshaft pulley was full of crap and sharp edges, so I ran the unit and used a wire brush to clean the G","Loose - Clip, Loose - Duct, Not Locked - Bulkhead","P Clip - Retightened, Nut - Retightened, Bolt - Retightened",SO0018596,5,mike 780-305-1900,1,PASE,32977372     PASE,BULK HYTRAN/SHOP,4,2.54,5/23/2022,2.22,601.7699
SO0018596-6,SO0018596,6,5/25/2022,PASEIH,6780,APPL,,YFT042399,2641.9,Still losing oil. would like this address now. Engine codes- Reference Service Order -5588,Unknown,"I started by pulling off the hood, separating the air filter housing brackets and all the accessories attached to it. HOUSING REMOVED AND ENGINE OIL, COOLANT AND HYDRAULIC FLUID Drained. RECOVERED REFRIGERANT. ALL CONNECTED PIPES AND HOSES REMOVED",Crushed - Compressor,Compressor Line - Replaced,SO0018596,6,Not Specified,1,PASE,MOB499479     PICK,O-RING,1.7,0.94,7/22/2022,60.0696,47856.9793
SO0020073-1,SO0020073,1,5/25/2022,PASEIH,6780,APPL,,YFT042399,2641.9,Still losing oil. would like this address now. Engine codes- Reference Service Order -5588,Unknown,"I started by pulling off the hood, separating the air filter housing brackets and all the accessories attached to it. HOUSING REMOVED AND ENGINE OIL, COOLANT AND HYDRAULIC FLUID Drained. RECOVERED REFRIGERANT. ALL CONNECTED PIPES AND HOSES REMOVED",Oil Leak - Machine,"Fitting - Retightened, O Ring - Replaced, Hose - Reinstalled, Hydraulic Reservoir - Topped Off",SO0020073,1,Not Specified,1,PASE,32114949     PASE,HOSE,120,93.75,7/22/2022,60.0696,47856.9793
SO0020073-2,SO0020073,2,5/25/2022,PASEIH,6780,APPL,,YFT042399,2641.9,Still losing oil. would like this address now. Engine codes- Reference Service Order -5588,Unknown,"I started by pulling off the hood, separating the air filter housing brackets and all the accessories attached to it. HOUSING REMOVED AND ENGINE OIL, COOLANT AND HYDRAULIC FLUID Drained. RECOVERED REFRIGERANT. ALL CONNECTED PIPES AND HOSES REMOVED","Not Used - Mirror, Not Mentioned - Valve, Not Mentioned - NCV, Not Mentioned - Nozzle, Not Mentioned - Cap","Flush Valve - Installed, Beacon - Installed, Side Panel - Installed, Step - Installed, Camera - Installed, Monitor - Setting Up",SO0020073,2,Not Specified,2,PICK,5440492     PICK,MOBIL DELVAC SYN AFT,122.56,81.7,7/22/2022,60.0696,47856.9793
SO0020073-6,SO0020073,6,5/25/2022,PASEIH,6780,APPL,,YFT042399,2641.9,Still losing oil. would like this address now. Engine codes- Reference Service Order -5588,Unknown,"I started by pulling off the hood, separating the air filter housing brackets and all the accessories attached to it. HOUSING REMOVED AND ENGINE OIL, COOLANT AND HYDRAULIC FLUID Drained. RECOVERED REFRIGERANT. ALL CONNECTED PIPES AND HOSES REMOVED","Oil Leak - Gear Pump, Oil Leak - Port, Water Leak - Air Line, Rubbed - Shield, Damaged - Hydraulic System","Fitting - Retightened, O Ring - Replaced",SO0020073,6,Not Specified,1,PASE,34475IN     PICK,LATCH,78,44.73,7/22/2022,60.0696,47856.9793
SO0020073-7,SO0020073,7,5/25/2022,PASEIH,6780,APPL,,YFT042399,2641.9,Still losing oil. would like this address now. Engine codes- Reference Service Order -5588,Unknown,"I started by pulling off the hood, separating the air filter housing brackets and all the accessories attached to it. HOUSING REMOVED AND ENGINE OIL, COOLANT AND HYDRAULIC FLUID Drained. RECOVERED REFRIGERANT. ALL CONNECTED PIPES AND HOSES REMOVED","Hit - Tank, Hit - Rail, Not Cradling - Boom","Nozzle - Switched, Boom Saddle - Tested",SO0020073,7,Not Specified,1,PICK,JB94A     PICK,TENSIONER,339.12,240.12,7/22/2022,60.0696,47856.9793
SO0020529-2,SO0020529,2,5/25/2022,PASEIH,6780,APPL,,YFT042399,2641.9,Still losing oil. would like this address now. Engine codes- Reference Service Order -5588,Unknown,"I started by pulling off the hood, separating the air filter housing brackets and all the accessories attached to it. HOUSING REMOVED AND ENGINE OIL, COOLANT AND HYDRAULIC FLUID Drained. RECOVERED REFRIGERANT. ALL CONNECTED PIPES AND HOSES REMOVED","Oil Leak - Gear Pump, Oil Leak - Port, Water Leak - Air Line, Rubbed - Shield, Damaged - Hydraulic System","Fitting - Retightened, O Ring - Replaced",SO0020529,2,Not Specified,90,PICK,1344341412ER     PASE,3/8 FUEL HOSE,26.1,11.27,7/22/2022,60.0696,47856.9793
SO0022590-3,SO0022590,3,5/25/2022,PASEIH,6780,APPL,,YFT042399,2641.9,Still losing oil. would like this address now. Engine codes- Reference Service Order -5588,Unknown,"I started by pulling off the hood, separating the air filter housing brackets and all the accessories attached to it. HOUSING REMOVED AND ENGINE OIL, COOLANT AND HYDRAULIC FLUID Drained. RECOVERED REFRIGERANT. ALL CONNECTED PIPES AND HOSES REMOVED",Leak - Hose,O Ring - Installed,SO0022590,3,Not Specified,1,PICK,1344341412EPAC     PASE,BRAKE CLEANER,13.99,9.79,7/22/2022,60.0696,47856.9793
SO0023561-1,SO0023561,1,5/25/2022,PASEIH,6780,APPL,,YFT042399,2641.9,Still losing oil. would like this address now. Engine codes- Reference Service Order -5588,Unknown,"I started by pulling off the hood, separating the air filter housing brackets and all the accessories attached to it. HOUSING REMOVED AND ENGINE OIL, COOLANT AND HYDRAULIC FLUID Drained. RECOVERED REFRIGERANT. ALL CONNECTED PIPES AND HOSES REMOVED",Oil Leak - Machine,"Quick Connect Software - Reassembled, O Ring - Matched, Hydraulic Reservoir - Topped Off",SO0023561,1,Not Specified,1,PASE,32924281     PASE,REMAN ENGINE,41540,28636.33,7/22/2022,60.0696,47856.9793
SO0023561-3,SO0023561,3,5/25/2022,PASEIH,6780,APPL,,YFT042399,2641.9,Still losing oil. would like this address now. Engine codes- Reference Service Order -5588,Unknown,"I started by pulling off the hood, separating the air filter housing brackets and all the accessories attached to it. HOUSING REMOVED AND ENGINE OIL, COOLANT AND HYDRAULIC FLUID Drained. RECOVERED REFRIGERANT. ALL CONNECTED PIPES AND HOSES REMOVED","Oil Leak - No Component Mentioned, Damaged - O Ring, Protruded - O Ring",No Component Mentioned - No Component Mentioned,SO0023561,3,Not Specified,-1,PASE,47188591     PASE,REMAN ENGINE,-3000,-3000,7/22/2022,60.0696,47856.9793
SO0023561-4,SO0023561,4,5/25/2022,PASEIH,6780,APPL,,YFT042399,2641.9,Still losing oil. would like this address now. Engine codes- Reference Service Order -5588,Unknown,"I started by pulling off the hood, separating the air filter housing brackets and all the accessories attached to it. HOUSING REMOVED AND ENGINE OIL, COOLANT AND HYDRAULIC FLUID Drained. RECOVERED REFRIGERANT. ALL CONNECTED PIPES AND HOSES REMOVED",Broken - Harness,NCV Harness - Replaced,SO0023561,4,Not Specified,4,PASE,493035A4     PASE,CLAMP,69,34.8,7/22/2022,60.0696,47856.9793
SO0024239-1,SO0024239,1,5/25/2022,PASEIH,6780,APPL,,YFT042399,2641.9,Still losing oil. would like this address now. Engine codes- Reference Service Order -5588,Unknown,"I started by pulling off the hood, separating the air filter housing brackets and all the accessories attached to it. HOUSING REMOVED AND ENGINE OIL, COOLANT AND HYDRAULIC FLUID Drained. RECOVERED REFRIGERANT. ALL CONNECTED PIPES AND HOSES REMOVED",Leak - Tank,"Old Tube - Freed, Connector - Cleaned",SO0024239,1,Not Specified,1,PASE,25504750     PASE,BOLT  FLANGE,8.0999,2.6099,7/22/2022,60.0696,47856.9793
SO0024239-2,SO0024239,2,5/25/2022,PASEIH,6780,APPL,,YFT042399,2641.9,Still losing oil. would like this address now. Engine codes- Reference Service Order -5588,Unknown,"I started by pulling off the hood, separating the air filter housing brackets and all the accessories attached to it. HOUSING REMOVED AND ENGINE OIL, COOLANT AND HYDRAULIC FLUID Drained. RECOVERED REFRIGERANT. ALL CONNECTED PIPES AND HOSES REMOVED","Not Mentioned - Light, Incorrect - No Component Mentioned, Not Settling - No Component Mentioned, Not Settling - Boom, Low - Boom, Hard To Set - Boom, Leak - Boom","Boom Light - Realigned, Left Boom Connector - Retightened",SO0024239,2,Not Specified,3,PASE,40013734     PASE,O-RING,9.3,5.5499,7/22/2022,60.0696,47856.9793
SO0024239-4,SO0024239,4,5/25/2022,PASEIH,6780,APPL,,YFT042399,2641.9,Still losing oil. would like this address now. Engine codes- Reference Service Order -5588,Unknown,"I started by pulling off the hood, separating the air filter housing brackets and all the accessories attached to it. HOUSING REMOVED AND ENGINE OIL, COOLANT AND HYDRAULIC FLUID Drained. RECOVERED REFRIGERANT. ALL CONNECTED PIPES AND HOSES REMOVED",Not Installed - Nozzle,No Component Mentioned - No Component Mentioned,SO0024239,4,Not Specified,1,PASE,924845     PASE,PAG OIL SINGLE,44.5,19.8,7/22/2022,60.0696,47856.9793
SO0024736-7,SO0024736,7,5/25/2022,PASEIH,6780,APPL,,YFT042399,2641.9,Still losing oil. would like this address now. Engine codes- Reference Service Order -5588,Unknown,"I started by pulling off the hood, separating the air filter housing brackets and all the accessories attached to it. HOUSING REMOVED AND ENGINE OIL, COOLANT AND HYDRAULIC FLUID Drained. RECOVERED REFRIGERANT. ALL CONNECTED PIPES AND HOSES REMOVED",Oil Leak - Steering,No Component Mentioned - No Component Mentioned,SO0024736,7,Not Specified,1,PASE,2573910     PASE,O-RING,3.95,1.62,7/22/2022,60.0696,47856.9793
SO0024736-8,SO0024736,8,5/25/2022,PASEIH,6780,APPL,,YFT042399,2641.9,Still losing oil. would like this address now. Engine codes- Reference Service Order -5588,Unknown,"I started by pulling off the hood, separating the air filter housing brackets and all the accessories attached to it. HOUSING REMOVED AND ENGINE OIL, COOLANT AND HYDRAULIC FLUID Drained. RECOVERED REFRIGERANT. ALL CONNECTED PIPES AND HOSES REMOVED",Open - Fuel System,No Component Mentioned - No Component Mentioned,SO0024736,8,Not Specified,2,PASE,2394197     PASE,O-RING,5.4,2.3999,7/22/2022,60.0696,47856.9793
SO0024736-9,SO0024736,9,5/25/2022,PASEIH,6780,APPL,,YFT042399,2641.9,Still losing oil. would like this address now. Engine codes- Reference Service Order -5588,Unknown,"I started by pulling off the hood, separating the air filter housing brackets and all the accessories attached to it. HOUSING REMOVED AND ENGINE OIL, COOLANT AND HYDRAULIC FLUID Drained. RECOVERED REFRIGERANT. ALL CONNECTED PIPES AND HOSES REMOVED",Oil Leak - Tire,O Ring - Replaced,SO0024736,9,Not Specified,25,PASE,140541234     PASE,NO.1-15W40 CJ4QT,97,65,7/22/2022,60.0696,47856.9793
SO0024816-1,SO0024816,1,5/25/2022,PASEIH,6780,APPL,,YFT042399,2641.9,Still losing oil. would like this address now. Engine codes- Reference Service Order -5588,Unknown,"I started by pulling off the hood, separating the air filter housing brackets and all the accessories attached to it. HOUSING REMOVED AND ENGINE OIL, COOLANT AND HYDRAULIC FLUID Drained. RECOVERED REFRIGERANT. ALL CONNECTED PIPES AND HOSES REMOVED",Leak - Cooler,"O Ring - Installed, Fitting - Retightened",SO0024816,1,Not Specified,1,PASE,1435234     PASE,GASKET,9.8,5.99,7/22/2022,60.0696,47856.9793
SO0024816-15,SO0024816,15,5/25/2022,PASEIH,6780,APPL,,YFT042399,2641.9,Still losing oil. would like this address now. Engine codes- Reference Service Order -5588,Unknown,"I started by pulling off the hood, separating the air filter housing brackets and all the accessories attached to it. HOUSING REMOVED AND ENGINE OIL, COOLANT AND HYDRAULIC FLUID Drained. RECOVERED REFRIGERANT. ALL CONNECTED PIPES AND HOSES REMOVED",Leak - Hose,"O Ring - Replaced, No Component Mentioned - Filled",SO0024816,15,Not Specified,1,PASE,2081184     PASE,FILTER RECEIVERDRYER,70.25,41.8999,7/22/2022,60.0696,47856.9793
SO0024816-16,SO0024816,16,5/25/2022,PASEIH,6780,APPL,,YFT042399,2641.9,Still losing oil. would like this address now. Engine codes- Reference Service Order -5588,Unknown,"I started by pulling off the hood, separating the air filter housing brackets and all the accessories attached to it. HOUSING REMOVED AND ENGINE OIL, COOLANT AND HYDRAULIC FLUID Drained. RECOVERED REFRIGERANT. ALL CONNECTED PIPES AND HOSES REMOVED",Frozen - No Component Mentioned,"Tank - Drained, Rinse Tank - Drained, Boom - Drained, Recirculation System - Drained, Inductor - Drained, Filter Bowl - Removed, Filter - Cleaned, Filter - Reinstalled, Rinse Tank - Filled, RV - Filled",SO0024816,16,Not Specified,1,PASE,02348793R     PASE,BELT TENSIONER,215,129,7/22/2022,60.0696,47856.9793
SO0024816-17,SO0024816,17,5/25/2022,PASEIH,6780,APPL,,YFT042399,2641.9,Still losing oil. would like this address now. Engine codes- Reference Service Order -5588,Unknown,"I started by pulling off the hood, separating the air filter housing brackets and all the accessories attached to it. HOUSING REMOVED AND ENGINE OIL, COOLANT AND HYDRAULIC FLUID Drained. RECOVERED REFRIGERANT. ALL CONNECTED PIPES AND HOSES REMOVED",Leak - Boom,Pressure Regulator - Installed,SO0024816,17,Not Specified,0,PASE,2119183     PASE,TENSIONER  BELT,0,0,7/22/2022,60.0696,47856.9793
SO0024816-19,SO0024816,19,5/25/2022,PASEIH,6780,APPL,,YFT042399,2641.9,Still losing oil. would like this address now. Engine codes- Reference Service Order -5588,Unknown,"I started by pulling off the hood, separating the air filter housing brackets and all the accessories attached to it. HOUSING REMOVED AND ENGINE OIL, COOLANT AND HYDRAULIC FLUID Drained. RECOVERED REFRIGERANT. ALL CONNECTED PIPES AND HOSES REMOVED","Hit - Nozzle, Damaged - No Component Mentioned","Plate - Installed, Hardware - Installed, Hardware - Retightened, Shield - Created",SO0024816,19,Not Specified,2,PASE,84578037     PASE,"WASHER,SEALING",5.4,1.7198,7/22/2022,60.0696,47856.9793
SO0024816-2,SO0024816,2,5/25/2022,PASEIH,6780,APPL,,YFT042399,2641.9,Still losing oil. would like this address now. Engine codes- Reference Service Order -5588,Unknown,"I started by pulling off the hood, separating the air filter housing brackets and all the accessories attached to it. HOUSING REMOVED AND ENGINE OIL, COOLANT AND HYDRAULIC FLUID Drained. RECOVERED REFRIGERANT. ALL CONNECTED PIPES AND HOSES REMOVED","Not Mentioned - Engine, Not Mentioned - Fuel Filter, Not Mentioned - Filter, Not Mentioned - Hydraulic System","Engine - Replaced, Fuel Filter - Replaced, Hydraulic Oil Tank - Topped Off",SO0024816,2,Not Specified,10,PASE,84550889     PASE,HOSE,375,192.2,7/22/2022,60.0696,47856.9793
SO0024816-3,SO0024816,3,5/25/2022,PASEIH,6780,APPL,,YFT042399,2641.9,Still losing oil. would like this address now. Engine codes- Reference Service Order -5588,Unknown,"I started by pulling off the hood, separating the air filter housing brackets and all the accessories attached to it. HOUSING REMOVED AND ENGINE OIL, COOLANT AND HYDRAULIC FLUID Drained. RECOVERED REFRIGERANT. ALL CONNECTED PIPES AND HOSES REMOVED",Leak - Hydraulic Tank,"Hose - Reinstalled, Fitting - Retightened, Hydraulic Tank - Refilled",SO0024816,3,Not Specified,1,PASE,84534247     PASE,REMAN-A/C COMPRESSOR,466,317.18,7/22/2022,60.0696,47856.9793
SO0024905-2,SO0024905,2,5/25/2022,PASEIH,6780,APPL,,YFT042399,2641.9,Still losing oil. would like this address now. Engine codes- Reference Service Order -5588,Unknown,"I started by pulling off the hood, separating the air filter housing brackets and all the accessories attached to it. HOUSING REMOVED AND ENGINE OIL, COOLANT AND HYDRAULIC FLUID Drained. RECOVERED REFRIGERANT. ALL CONNECTED PIPES AND HOSES REMOVED","Blocked - Hub, Not Mentioned - Hydraulic Filter, Not Mentioned - Filter, Not Mentioned - Engine, Not Mentioned - Filter","Hub - Serviced, Hydraulic Filter - Replaced, Engine - Replaced, Engine Oil Filter - Replaced",SO0024905,2,Not Specified,1,PASE,37834528     PASE,BELT,46.75,28.9499,7/22/2022,60.0696,47856.9793
SO0025176-1,SO0025176,1,3/4/2023,PASEIH,9991 LIQ SYS,SPRAYS,2020,YLT050852,1546,Air ride adjustment and axle adjustment are not available on pro700,Unknown,CONNECT EST TO CHECK SOFTWARE VERSIONS. THE MACHINE DOES NOT ALLOW DPA TO TURN ON. CHECK FIVE CIRCUIT AND REPLACE FUSE,Not Mentioned - Not Mentioned,"Boom Recirculation System - Installed, Guidance - Installed",SO0025176,1,Not Specified,0,PASE,37834534     PASE,KIT,0,0,5/16/2023,8.3199,1319.25
SO0025176-2,SO0025176,2,3/4/2023,PASEIH,9991 LIQ SYS,SPRAYS,2020,YLT050852,1792,Perform PIP CS0722,Perform PIP CS0722,"MARK SCREWS. CHECK TORQUE TO 450. HARDWARE HAS NOT MOVED. ORDER NEW HARDWARE PER PIP. SERVICE CALL 33 MILES. REMOVE AND REPLACE SCREWS IN UPDATE. CLEAN THREAD, INSTALL LOCTITE. TORQUE TO 570 FOOT POUNDS.",Leak - Nozzle,Fence Row Nozzle - Replaced,SO0025176,2,Not Specified,2,PASE,32198547     PASE,SCREW  12 PT,29.24,24.3599,5/16/2023,2.9999,493.88
SO0025403-1,SO0025403,1,3/8/2023,PASEIH,9861,SPRAYS,,YPT056717,12,Fuel door will not stay open,GAS STRUT NOT INSTALLED OR ANYWHERE ON MACHINE,"It was found that the gas strut is not installed or is not installed anywhere on the machine. Install the gas pressure spring, run it and test it",Error Code - Sensor,Sensor - Replaced,SO0025403,1,Not Specified,1,PASE,84088173     PASE,GAS STRUT,12.97,10.81,4/25/2023,1.28,211.22
SO0025623-3,SO0025623,3,3/8/2023,PASEIH,9861,SPRAYS,,YPT056717,0,VISIBLY NOTICE fasteners under cab on P clips and air ducting left Loose,Not tighten at factory.,"TIGHTEN AND TIGHTEN ALL P-CLIPS, NUTS AND BOLTS AS NECESSARY. ALSO FOUND TWO BULKHEAD CONNECTIONS, NOT COMPLETELY LOCKED, ON THE LEFT BACK OF THE MACHINE AND ONE ON THE RIGHT BOOM. RUNNING TESTS NO ERROR",Broken - Harness,No Component Mentioned - No Component Mentioned,SO0025623,3,Not Specified,4,PASE,25500593     PASE,BOLT,5.9199,4.9199,4/25/2023,2.28,368.7298
SO0025623-4,SO0025623,4,3/8/2023,PASEIH,9861,SPRAYS,,YPT056717,0,VISIBLY NOTICE fasteners under cab on P clips and air ducting left Loose,Not tighten at factory.,"TIGHTEN AND TIGHTEN ALL P-CLIPS, NUTS AND BOLTS AS NECESSARY. ALSO FOUND TWO BULKHEAD CONNECTIONS, NOT COMPLETELY LOCKED, ON THE LEFT BACK OF THE MACHINE AND ONE ON THE RIGHT BOOM. RUNNING TESTS NO ERROR",Inoperative - Boom,No Component Mentioned - No Component Mentioned,SO0025623,4,Not Specified,4,PASE,124437     PASE,BOLT,3.76,3.12,4/25/2023,2.28,368.7298
SO0026296-1,SO0026296,1,3/8/2023,PASEIH,9861,SPRAYS,,YPT056717,0,VISIBLY NOTICE fasteners under cab on P clips and air ducting left Loose,Not tighten at factory.,"TIGHTEN AND TIGHTEN ALL P-CLIPS, NUTS AND BOLTS AS NECESSARY. ALSO FOUND TWO BULKHEAD CONNECTIONS, NOT COMPLETELY LOCKED, ON THE LEFT BACK OF THE MACHINE AND ONE ON THE RIGHT BOOM. RUNNING TESTS NO ERROR",Leak - Tank,"Clamp - Removed, O Ring - Inspected",SO0026296,1,Not Specified,8,PASE,2271313     PASE,WASHER,5.9199,5.56,4/25/2023,2.28,368.7298
SO0026385-1,SO0026385,1,3/8/2023,PASEIH,9861,SPRAYS,,YPT056717,14,"Compressor pressure line, braided steel, crushed","Compressor pressure line, braided steel, crushed when deliverd.",RELEASE AIR FROM THE SYSTEM. REMOVE ASSOCIATED P-CLIPS. REMOVE AND REPLACE BRAIDED STEEL COMPRESSOR LINE. ONGOING TEST.,Error Code - Module,"Supply Module - Cleared Fault, Supply Module - Reset",SO0026385,1,Not Specified,1,PASE,472973     PASE,HOSE,114.23,95.1899,4/25/2023,0.6999,516.92
SO0026385-11,SO0026385,11,3/8/2023,PASEIH,9861,SPRAYS,,YPT056717,0,Oil running from bottom of machine,OIL RETURN UNDER MACHINE SWIVEL FITTING LEFT LOOSE AT FACTORY,OIL RETURN IS LOOSE UNDER THE MACHINE'S ROTARY CONNECTION AT THE FACTORY. CONNECTION AFTER APPLY TORQUE AND TEST RUN. CONNECTIONS STILL LEAKING? REMOVE HOSE FROM BLOCK. REPLACE AND RE-INSTALL O-RING ON BOSS. FILL HYDRAULIC TANK,"Inconsistent Folding - Boom, Hit - Cradle",No Component Mentioned - No Component Mentioned,SO0026385,11,Not Specified,1,PASE,8390414     PASE,OIL HV46 5GAL HYDRAULIC,120.12,92.09,4/25/2023,5.2999,493.24
SO0026385-4,SO0026385,4,3/8/2023,PASEIH,9861,SPRAYS,,YPT056717,0,Oil running from bottom of machine,OIL RETURN UNDER MACHINE SWIVEL FITTING LEFT LOOSE AT FACTORY,OIL RETURN IS LOOSE UNDER THE MACHINE'S ROTARY CONNECTION AT THE FACTORY. CONNECTION AFTER APPLY TORQUE AND TEST RUN. CONNECTIONS STILL LEAKING? REMOVE HOSE FROM BLOCK. REPLACE AND RE-INSTALL O-RING ON BOSS. FILL HYDRAULIC TANK,Leak - Boom,No Component Mentioned - No Component Mentioned,SO0026385,4,Not Specified,0,PASE,14008935     PASE,O-RING,0,0,4/25/2023,5.2999,493.24
SO0027106-1,SO0027106,1,3/8/2023,PASEIH,9861,SPRAYS,,YPT056717,0,Oil running from bottom of machine,OIL RETURN UNDER MACHINE SWIVEL FITTING LEFT LOOSE AT FACTORY,OIL RETURN IS LOOSE UNDER THE MACHINE'S ROTARY CONNECTION AT THE FACTORY. CONNECTION AFTER APPLY TORQUE AND TEST RUN. CONNECTIONS STILL LEAKING? REMOVE HOSE FROM BLOCK. REPLACE AND RE-INSTALL O-RING ON BOSS. FILL HYDRAULIC TANK,Smashed - Camera,Camera - Installed,SO0027106,1,Not Specified,0,PASE,14114325     PASE,COUPLING  QUICK  FEM,0,0,4/25/2023,5.2999,493.24
SO0027642-2,SO0027642,2,3/8/2023,PASEIH,9861,SPRAYS,,YPT056717,0,Oil running from bottom of machine,OIL RETURN UNDER MACHINE SWIVEL FITTING LEFT LOOSE AT FACTORY,OIL RETURN IS LOOSE UNDER THE MACHINE'S ROTARY CONNECTION AT THE FACTORY. CONNECTION AFTER APPLY TORQUE AND TEST RUN. CONNECTIONS STILL LEAKING? REMOVE HOSE FROM BLOCK. REPLACE AND RE-INSTALL O-RING ON BOSS. FILL HYDRAULIC TANK,Not Mentioned - Machine,"No Component Mentioned - Drained, Oil Filter - Replaced, Hydraulic Filter - Replaced, Transmission Filter - Replaced",SO0027642,2,Not Specified,1,PASE,BN14999     PASE,O-RING,0.94,0.7,4/25/2023,5.2999,493.24
SO0027642-3,SO0027642,3,3/8/2023,PASEIH,9861,SPRAYS,,YPT056717,0,Oil running from bottom of machine,OIL RETURN UNDER MACHINE SWIVEL FITTING LEFT LOOSE AT FACTORY,OIL RETURN IS LOOSE UNDER THE MACHINE'S ROTARY CONNECTION AT THE FACTORY. CONNECTION AFTER APPLY TORQUE AND TEST RUN. CONNECTIONS STILL LEAKING? REMOVE HOSE FROM BLOCK. REPLACE AND RE-INSTALL O-RING ON BOSS. FILL HYDRAULIC TANK,"Inoperative - NCV, Broken - Connector","Zip Tie - Installed, Harness - Installed",SO0027642,3,Not Specified,1,PASE,30945741     PASE,O-RING,0.47,0.27,4/25/2023,5.2999,493.24
SO0028255-1,SO0028255,1,3/8/2023,PASEIH,9861,SPRAYS,,YPT056717,0,MISSING VECTOR & INTRIP UNLOCKS.,MISSING VECTOR & INTRIP UNLOCKS WERE NOT INSTALLED.,"Installed, missing activations, executed and tested.",Not Latched - Door,"Latch - Replaced, Latch - Realigned",SO0028255,1,Not Specified,1,PASE,302184     PASE,SOFTWARE BASE HIGH,6930,5775,5/3/2023,1.5,7393.3199
SO0028352-1,SO0028352,1,3/8/2023,PASEIH,9861,SPRAYS,,YPT056717,0,MISSING VECTOR & INTRIP UNLOCKS.,MISSING VECTOR & INTRIP UNLOCKS WERE NOT INSTALLED.,"Installed, missing activations, executed and tested.",Leak - Machine,"Pump Housing Thread - Repaired, Pump Housing Thread - Tapped, Pipe Fitting - Installed, Elbow - Replaced",SO0028352,1,Not Specified,1,PASE,37834047     PASE,SOFTWARE UNLOCK,231,192.5,5/3/2023,1.5,7393.3199
SO0028770-1,SO0028770,1,3/8/2023,PASEIH,9861,SPRAYS,,YPT056717,0,OIL DRIPPING FROM COUPLER OF RETURN LINE TO PRODUCT PUMP,Coupler was leaking.,"REMOVE THE CLUTCH WHICH IS FREE WITH HAMMER AND PIECE TO CONTINUE TEST RUNNING THE MACHINE. ORDER PARTS THAT HAVE BEEN TRANSFERRED TO DEALER DUE TO BACK ORDER. REMOVE AND REPLACE CLUTCH, END RUN AND TEST","Open - Door, Broken - No Component Mentioned",No Component Mentioned - Replaced,SO0028770,1,Not Specified,1,PASE,37834141     PASE,COUPLING  QUICK  FEM,183.06,149.53,4/25/2023,4.73,477.3299
SO0029596-1,SO0029596,1,3/8/2023,PASEIH,9861,SPRAYS,,YPT056717,0,COMPONENTS MISSING ON BOOM TO MOUNT SMV SIGN,NOT INCLUDED FROM FACTORY,CUSTOMER CARE 7 MILES. INSTALL MISSING BRACKETS AND SCREWS AND INSTALL SMV SIGN.,"Broken - Plunger, Hit - Plunger","Plunger - Removed, Plunger - Disassembled, Plunger - Welded, Knife - Shimmed, Baler - Tested, Needle Twine - Rethreaded",SO0029596,1,Not Specified,2,PASE,32743143     PASE,BOLT,5.8399,4.44,5/3/2023,0.67,74.1196
SO0029596-2,SO0029596,2,3/8/2023,PASEIH,9861,SPRAYS,,YPT056717,0,COMPONENTS MISSING ON BOOM TO MOUNT SMV SIGN,NOT INCLUDED FROM FACTORY,CUSTOMER CARE 7 MILES. INSTALL MISSING BRACKETS AND SCREWS AND INSTALL SMV SIGN.,Leak - Sprayer,O Ring - Replaced,SO0029596,2,Not Specified,1,PASE,BN14412     PASE,SMV MOUNT,17.5,13.37,5/3/2023,0.67,74.1196
SO0029735-1,SO0029735,1,3/8/2023,PASEIH,9861,SPRAYS,,YPT056717,0,COMPONENTS MISSING ON BOOM TO MOUNT SMV SIGN,NOT INCLUDED FROM FACTORY,CUSTOMER CARE 7 MILES. INSTALL MISSING BRACKETS AND SCREWS AND INSTALL SMV SIGN.,Oil Leak - Sprayer,"Hose - Rerouted, No Component Mentioned - Topped Off",SO0029735,1,Not Specified,1,PASE,84574324     PASE,BRACKET,4.4199,3.37,5/3/2023,0.67,74.1196
SO0029735-1,SO0029735,1,3/8/2023,PASEIH,9861,SPRAYS,,YPT056717,0,COMPONENTS MISSING ON BOOM TO MOUNT SMV SIGN,NOT INCLUDED FROM FACTORY,CUSTOMER CARE 7 MILES. INSTALL MISSING BRACKETS AND SCREWS AND INSTALL SMV SIGN.,Oil Leak - Sprayer,"Hose - Rerouted, No Component Mentioned - Topped Off",SO0029735,1,Not Specified,1,PASE,FC944     PKSYST,BRACKET,4.4199,3.37,5/3/2023,0.67,74.1196
SO0031018-6,SO0031018,6,3/8/2023,PASEIH,9861,SPRAYS,,YPT056717,0,COMPONENTS MISSING ON BOOM TO MOUNT SMV SIGN,NOT INCLUDED FROM FACTORY,CUSTOMER CARE 7 MILES. INSTALL MISSING BRACKETS AND SCREWS AND INSTALL SMV SIGN.,Stuck - Fuel Tank,Fuel Tank - Reinstalled,SO0031018,6,Not Specified,2,PASE,M944CPG     PKSYST,BOLT,4.56,3.48,5/3/2023,0.67,74.1196
SO0031018-7,SO0031018,7,3/8/2023,PASEIH,9861,SPRAYS,,YPT056717,0,COMPONENTS MISSING ON BOOM TO MOUNT SMV SIGN,NOT INCLUDED FROM FACTORY,CUSTOMER CARE 7 MILES. INSTALL MISSING BRACKETS AND SCREWS AND INSTALL SMV SIGN.,"Loose - No Component Mentioned, Loose - Boom","No Component Mentioned - Retightened, Left Boom Fitting - Replaced",SO0031018,7,Not Specified,2,PASE,04044-45CIH7     PASE,NUT  LOCK,3.8799,2.98,5/3/2023,0.67,74.1196
SO0031018-8,SO0031018,8,3/8/2023,PASEIH,9861,SPRAYS,,YPT056717,0,COMPONENTS MISSING ON BOOM TO MOUNT SMV SIGN,NOT INCLUDED FROM FACTORY,CUSTOMER CARE 7 MILES. INSTALL MISSING BRACKETS AND SCREWS AND INSTALL SMV SIGN.,Frozen - Tank,"Tank - Emptied, Boom - Drained, Recirculation System - Drained, Filter - Removed",SO0031018,8,Not Specified,1,PASE,009911A4     PASE,"SMV,120 FT.",19.3099,14.76,5/3/2023,0.67,74.1196
SO0031018-9,SO0031018,9,3/8/2023,PASEIH,9861,SPRAYS,,YPT056717,0,COMPONENTS MISSING ON BOOM TO MOUNT SMV SIGN,NOT INCLUDED FROM FACTORY,CUSTOMER CARE 7 MILES. INSTALL MISSING BRACKETS AND SCREWS AND INSTALL SMV SIGN.,Oil Leak - Pipe,"Pipe - Replaced, O Ring - Replaced, Pipe - Cleaned",SO0031018,9,Not Specified,2,PASE,BN545940     PASE,NUT  LOCK,3.12,2.3799,5/3/2023,0.67,74.1196
SO0031765-1,SO0031765,1,3/8/2023,PASEIH,9861,SPRAYS,,YPT056717,0,FAULT CODE F-523140-13 OCCURS RANDOMLY THD 107750641,FAULT CODE F-523140-13 OCCURS RANDOMLY,THE MACHINE WILL TRIGGER THIS ERROR DURING SPEED AND RATE CHANGES. CALL AND VISIT WITH THE CNH SYRINGE SPECIALIST,"Inoperative - Light, Inoperative - Light, Inoperative - Tank, Inoperative - Light",No Component Mentioned - No Component Mentioned,SO0031765,1,Not Specified,2,PASE,FC444     PICK,NOZZLE,585,404.78,4/25/2023,5.2,1390.38
SO0032650-1,SO0032650,1,4/11/2023,PASEIH,9861,SPRAYS,2023,YPT056751,0,INSTALL PARTS ON MACHINE  ADJ. MIRRORS TO BE USABLE.FITTED UP FENDER FOR WIDE TIRES.      REMOVE 72 DRIP CHECK VALVES/REMOVE 72 NCV AND REINSTALLED WHERE THE DRY CHECK VALVES WERE.       REMOVE 72 5 WAY NOZZLE BODIES AND INSTALL 72CAPS.  I HAD CAPS FROM O,Unknown,INSTALL FLUSH VALVES ON OUTER CENTER BOOM. INSTALL BOTH FEATURES. INSTALL THE SIDE PANELS ON THE WALKWAY. INSTALL THE STEPS IN FRONT OF THE WALKWAY. INSTALL BOTH ADDITIONAL CAMERAS.  SETUP IN MONITOR.     SETUP MONITORING OF THE FUNCTIONS UP R/V ANTIFREEZE IN THE FLUSH TANK AND PRO,Error Code - No Component Mentioned,No Component Mentioned - No Component Mentioned,SO0032650,1,PUT 50 GAL. OF FUEL IN.,0,PK SYSTEMS,MV444CF     PICK,CLAMP,0,0,5/30/2023,42.0596,5262.6397
SO0033441-1,SO0033441,1,4/11/2023,PASEIH,9861,SPRAYS,2023,YPT056751,0,INSTALL PARTS ON MACHINE  ADJ. MIRRORS TO BE USABLE.FITTED UP FENDER FOR WIDE TIRES.      REMOVE 72 DRIP CHECK VALVES/REMOVE 72 NCV AND REINSTALLED WHERE THE DRY CHECK VALVES WERE.       REMOVE 72 5 WAY NOZZLE BODIES AND INSTALL 72CAPS.  I HAD CAPS FROM O,Unknown,INSTALL FLUSH VALVES ON OUTER CENTER BOOM. INSTALL BOTH FEATURES. INSTALL THE SIDE PANELS ON THE WALKWAY. INSTALL THE STEPS IN FRONT OF THE WALKWAY. INSTALL BOTH ADDITIONAL CAMERAS.  SETUP IN MONITOR.     SETUP MONITORING OF THE FUNCTIONS UP R/V ANTIFREEZE IN THE FLUSH TANK AND PRO,Blown - Air Conditioner,"System - Drained, System - Recharged",SO0033441,1,PUT 50 GAL. OF FUEL IN.,0,PK SYSTEMS,21G     PKSYST,2X2 FLANGE CPG,0,0,5/30/2023,42.0596,5262.6397
SO0033576-1,SO0033576,1,4/11/2023,PASEIH,9861,SPRAYS,2023,YPT056751,0,INSTALL PARTS ON MACHINE  ADJ. MIRRORS TO BE USABLE.FITTED UP FENDER FOR WIDE TIRES.      REMOVE 72 DRIP CHECK VALVES/REMOVE 72 NCV AND REINSTALLED WHERE THE DRY CHECK VALVES WERE.       REMOVE 72 5 WAY NOZZLE BODIES AND INSTALL 72CAPS.  I HAD CAPS FROM O,Unknown,INSTALL FLUSH VALVES ON OUTER CENTER BOOM. INSTALL BOTH FEATURES. INSTALL THE SIDE PANELS ON THE WALKWAY. INSTALL THE STEPS IN FRONT OF THE WALKWAY. INSTALL BOTH ADDITIONAL CAMERAS.  SETUP IN MONITOR.     SETUP MONITORING OF THE FUNCTIONS UP R/V ANTIFREEZE IN THE FLUSH TANK AND PRO,Blown - Hose,Hose - Replaced,SO0033576,1,PUT 50 GAL. OF FUEL IN.,0,PASE,32198549     PASE,NUT,0,0,5/30/2023,42.0596,5262.6397
SO0033576-2,SO0033576,2,4/11/2023,PASEIH,9861,SPRAYS,2023,YPT056751,0,INSTALL PARTS ON MACHINE  ADJ. MIRRORS TO BE USABLE.FITTED UP FENDER FOR WIDE TIRES.      REMOVE 72 DRIP CHECK VALVES/REMOVE 72 NCV AND REINSTALLED WHERE THE DRY CHECK VALVES WERE.       REMOVE 72 5 WAY NOZZLE BODIES AND INSTALL 72CAPS.  I HAD CAPS FROM O,Unknown,INSTALL FLUSH VALVES ON OUTER CENTER BOOM. INSTALL BOTH FEATURES. INSTALL THE SIDE PANELS ON THE WALKWAY. INSTALL THE STEPS IN FRONT OF THE WALKWAY. INSTALL BOTH ADDITIONAL CAMERAS.  SETUP IN MONITOR.     SETUP MONITORING OF THE FUNCTIONS UP R/V ANTIFREEZE IN THE FLUSH TANK AND PRO,Not Mentioned - Not Mentioned,No Component Mentioned - No Component Mentioned,SO0033576,2,PUT 50 GAL. OF FUEL IN.,0,PASE,C50044     PASE,"COUPLER,2 IN MANIFOLD",0,0,5/30/2023,42.0596,5262.6397
SO0033576-3,SO0033576,3,4/11/2023,PASEIH,9861,SPRAYS,2023,YPT056751,0,INSTALL PARTS ON MACHINE  ADJ. MIRRORS TO BE USABLE.FITTED UP FENDER FOR WIDE TIRES.      REMOVE 72 DRIP CHECK VALVES/REMOVE 72 NCV AND REINSTALLED WHERE THE DRY CHECK VALVES WERE.       REMOVE 72 5 WAY NOZZLE BODIES AND INSTALL 72CAPS.  I HAD CAPS FROM O,Unknown,INSTALL FLUSH VALVES ON OUTER CENTER BOOM. INSTALL BOTH FEATURES. INSTALL THE SIDE PANELS ON THE WALKWAY. INSTALL THE STEPS IN FRONT OF THE WALKWAY. INSTALL BOTH ADDITIONAL CAMERAS.  SETUP IN MONITOR.     SETUP MONITORING OF THE FUNCTIONS UP R/V ANTIFREEZE IN THE FLUSH TANK AND PRO,Not Mentioned - Sprayer,Tip - Installed,SO0033576,3,PUT 50 GAL. OF FUEL IN.,0,PASE,8884827     PASE,GASKET,0,0,5/30/2023,42.0596,5262.6397
SO0034013-1,SO0034013,1,4/11/2023,PASEIH,9861,SPRAYS,2023,YPT056751,0,INSTALL PARTS ON MACHINE  ADJ. MIRRORS TO BE USABLE.FITTED UP FENDER FOR WIDE TIRES.      REMOVE 72 DRIP CHECK VALVES/REMOVE 72 NCV AND REINSTALLED WHERE THE DRY CHECK VALVES WERE.       REMOVE 72 5 WAY NOZZLE BODIES AND INSTALL 72CAPS.  I HAD CAPS FROM O,Unknown,INSTALL FLUSH VALVES ON OUTER CENTER BOOM. INSTALL BOTH FEATURES. INSTALL THE SIDE PANELS ON THE WALKWAY. INSTALL THE STEPS IN FRONT OF THE WALKWAY. INSTALL BOTH ADDITIONAL CAMERAS.  SETUP IN MONITOR.     SETUP MONITORING OF THE FUNCTIONS UP R/V ANTIFREEZE IN THE FLUSH TANK AND PRO,Incorrect - Panel,Trim Panel - Installed,SO0034013,1,PUT 50 GAL. OF FUEL IN.,0,PICK,8885404     PASE,1.0 COUPLER,0,0,5/30/2023,42.0596,5262.6397
SO0034287-2,SO0034287,2,4/11/2023,PASEIH,9861,SPRAYS,2023,YPT056751,0,INSTALL PARTS ON MACHINE  ADJ. MIRRORS TO BE USABLE.FITTED UP FENDER FOR WIDE TIRES.      REMOVE 72 DRIP CHECK VALVES/REMOVE 72 NCV AND REINSTALLED WHERE THE DRY CHECK VALVES WERE.       REMOVE 72 5 WAY NOZZLE BODIES AND INSTALL 72CAPS.  I HAD CAPS FROM O,Unknown,INSTALL FLUSH VALVES ON OUTER CENTER BOOM. INSTALL BOTH FEATURES. INSTALL THE SIDE PANELS ON THE WALKWAY. INSTALL THE STEPS IN FRONT OF THE WALKWAY. INSTALL BOTH ADDITIONAL CAMERAS.  SETUP IN MONITOR.     SETUP MONITORING OF THE FUNCTIONS UP R/V ANTIFREEZE IN THE FLUSH TANK AND PRO,No Cold Air - Air Conditioner,No Component Mentioned - No Component Mentioned,SO0034287,2,PUT 50 GAL. OF FUEL IN.,0,PICK,25500557     PASE,"""FLANGE VALVE 1""""""",0,0,5/30/2023,42.0596,5262.6397
SO0034550-1,SO0034550,1,4/11/2023,PASEIH,9861,SPRAYS,2023,YPT056751,0,INSTALL PARTS ON MACHINE  ADJ. MIRRORS TO BE USABLE.FITTED UP FENDER FOR WIDE TIRES.      REMOVE 72 DRIP CHECK VALVES/REMOVE 72 NCV AND REINSTALLED WHERE THE DRY CHECK VALVES WERE.       REMOVE 72 5 WAY NOZZLE BODIES AND INSTALL 72CAPS.  I HAD CAPS FROM O,Unknown,INSTALL FLUSH VALVES ON OUTER CENTER BOOM. INSTALL BOTH FEATURES. INSTALL THE SIDE PANELS ON THE WALKWAY. INSTALL THE STEPS IN FRONT OF THE WALKWAY. INSTALL BOTH ADDITIONAL CAMERAS.  SETUP IN MONITOR.     SETUP MONITORING OF THE FUNCTIONS UP R/V ANTIFREEZE IN THE FLUSH TANK AND PRO,"Deflated - Air Bag, Inoperative - Washer",No Component Mentioned - No Component Mentioned,SO0034550,1,PUT 50 GAL. OF FUEL IN.,0,PK SYSTEMS,14112355     PASE,GASKET,0,0,5/30/2023,42.0596,5262.6397
SO0036578-2,SO0036578,2,4/11/2023,PASEIH,9861,SPRAYS,2023,YPT056751,0,PDI INSPECTION   OIL LEAK ON GEAR PUMP PRESSURE SIDE FITTING. OIL LEAK ON  M3 PORT.     AIR LINE TO TIP CLEANING STATION LEAKING WATER.   CHECK FLUID LEVELS. FOUND RIGHT REAR SHIELD BOLT RUBBING ON HYD. BREAKER HOSE. IT HAD ALREADY SLIGHTLY DAMAGED HOSE. ,Unknown,The oil leak from the gear pump fitting was loose. FIXED CONNECTION. The test is still leaked. CONNECTOR REMOVED TO CHECK O-RING. Seam deformed. O-RING REPLACED.       The assembly on the M3 connector was not loose. O-RING SEAM DEFORMED. O-RING REPLACED.     ORDER NEW AIR,Inoperative - Pump,Control Valve - Realigned,SO0036578,2,Not Specified,0,PASE,BN9588040     PASE,WASHER,0,0,5/30/2023,6.0899,1035.2999
SO0038215-1,SO0038215,1,4/11/2023,PASEIH,9861,SPRAYS,2023,YPT056751,0,PDI INSPECTION   OIL LEAK ON GEAR PUMP PRESSURE SIDE FITTING. OIL LEAK ON  M3 PORT.     AIR LINE TO TIP CLEANING STATION LEAKING WATER.   CHECK FLUID LEVELS. FOUND RIGHT REAR SHIELD BOLT RUBBING ON HYD. BREAKER HOSE. IT HAD ALREADY SLIGHTLY DAMAGED HOSE. ,Unknown,The oil leak from the gear pump fitting was loose. FIXED CONNECTION. The test is still leaked. CONNECTOR REMOVED TO CHECK O-RING. Seam deformed. O-RING REPLACED.       The assembly on the M3 connector was not loose. O-RING SEAM DEFORMED. O-RING REPLACED.     ORDER NEW AIR,"Not Mentioned - Boom, Not Mentioned - Boom, Protruded - Wing, Inconsistent Folding - Boom",No Component Mentioned - No Component Mentioned,SO0038215,1,Not Specified,0,PASE,37790823     PASE,NUT  WING,0,0,5/30/2023,6.0899,1035.2999
SO0038215-2,SO0038215,2,4/11/2023,PASEIH,9861,SPRAYS,2023,YPT056751,0,PDI INSPECTION   OIL LEAK ON GEAR PUMP PRESSURE SIDE FITTING. OIL LEAK ON  M3 PORT.     AIR LINE TO TIP CLEANING STATION LEAKING WATER.   CHECK FLUID LEVELS. FOUND RIGHT REAR SHIELD BOLT RUBBING ON HYD. BREAKER HOSE. IT HAD ALREADY SLIGHTLY DAMAGED HOSE. ,Unknown,The oil leak from the gear pump fitting was loose. FIXED CONNECTION. The test is still leaked. CONNECTOR REMOVED TO CHECK O-RING. Seam deformed. O-RING REPLACED.       The assembly on the M3 connector was not loose. O-RING SEAM DEFORMED. O-RING REPLACED.     ORDER NEW AIR,Not Installed - Boom,Boom Recirculation System - Installed,SO0038215,2,Not Specified,0,PASE,04450-44CIH7     PASE,ORING,0,0,5/30/2023,6.0899,1035.2999
SO0038215-4,SO0038215,4,4/11/2023,PASEIH,9861,SPRAYS,2023,YPT056751,0,PDI INSPECTION   OIL LEAK ON GEAR PUMP PRESSURE SIDE FITTING. OIL LEAK ON  M3 PORT.     AIR LINE TO TIP CLEANING STATION LEAKING WATER.   CHECK FLUID LEVELS. FOUND RIGHT REAR SHIELD BOLT RUBBING ON HYD. BREAKER HOSE. IT HAD ALREADY SLIGHTLY DAMAGED HOSE. ,Unknown,The oil leak from the gear pump fitting was loose. FIXED CONNECTION. The test is still leaked. CONNECTOR REMOVED TO CHECK O-RING. Seam deformed. O-RING REPLACED.       The assembly on the M3 connector was not loose. O-RING SEAM DEFORMED. O-RING REPLACED.     ORDER NEW AIR,"Bent - Boom, Cracked - Boom","Outer Boom Fold Cradle - Installed, Pad - Installed, Bolt - Installed",SO0038215,4,Not Specified,0,PASE,472978     PASE,O-RING,0,0,5/30/2023,6.0899,1035.2999
SO0038215-5,SO0038215,5,4/11/2023,PASEIH,9861,SPRAYS,2023,YPT056751,0,PDI INSPECTION   OIL LEAK ON GEAR PUMP PRESSURE SIDE FITTING. OIL LEAK ON  M3 PORT.     AIR LINE TO TIP CLEANING STATION LEAKING WATER.   CHECK FLUID LEVELS. FOUND RIGHT REAR SHIELD BOLT RUBBING ON HYD. BREAKER HOSE. IT HAD ALREADY SLIGHTLY DAMAGED HOSE. ,Unknown,The oil leak from the gear pump fitting was loose. FIXED CONNECTION. The test is still leaked. CONNECTOR REMOVED TO CHECK O-RING. Seam deformed. O-RING REPLACED.       The assembly on the M3 connector was not loose. O-RING SEAM DEFORMED. O-RING REPLACED.     ORDER NEW AIR,"Missed - Air Line, Leak - Plumbing System, Air Leak - Connector",Pressure Regulator - Installed,SO0038215,5,Not Specified,0,PASE,472977     PASE,SPIRAX CX50 WHEEL OIL 5 GAL,0,0.0001,5/30/2023,6.0899,1035.2999
SO0039997-2,SO0039997,2,4/11/2023,PASEIH,9861,SPRAYS,2023,YPT056751,0,PDI INSPECTION   OIL LEAK ON GEAR PUMP PRESSURE SIDE FITTING. OIL LEAK ON  M3 PORT.     AIR LINE TO TIP CLEANING STATION LEAKING WATER.   CHECK FLUID LEVELS. FOUND RIGHT REAR SHIELD BOLT RUBBING ON HYD. BREAKER HOSE. IT HAD ALREADY SLIGHTLY DAMAGED HOSE. ,Unknown,The oil leak from the gear pump fitting was loose. FIXED CONNECTION. The test is still leaked. CONNECTOR REMOVED TO CHECK O-RING. Seam deformed. O-RING REPLACED.       The assembly on the M3 connector was not loose. O-RING SEAM DEFORMED. O-RING REPLACED.     ORDER NEW AIR,"Missed - Boom, Broken - Boom","Boom Recirculation System - Installed, Boom Cradle - Replaced",SO0039997,2,Not Specified,0,PASE,37183445     PASE,OIL HV46 5GAL HYDRAULIC,0,0,5/30/2023,6.0899,1035.2999
SO0040099-1,SO0040099,1,4/11/2023,PASEIH,9861,SPRAYS,2023,YPT056751,0,PDI INSPECTION   OIL LEAK ON GEAR PUMP PRESSURE SIDE FITTING. OIL LEAK ON  M3 PORT.     AIR LINE TO TIP CLEANING STATION LEAKING WATER.   CHECK FLUID LEVELS. FOUND RIGHT REAR SHIELD BOLT RUBBING ON HYD. BREAKER HOSE. IT HAD ALREADY SLIGHTLY DAMAGED HOSE. ,Unknown,The oil leak from the gear pump fitting was loose. FIXED CONNECTION. The test is still leaked. CONNECTOR REMOVED TO CHECK O-RING. Seam deformed. O-RING REPLACED.       The assembly on the M3 connector was not loose. O-RING SEAM DEFORMED. O-RING REPLACED.     ORDER NEW AIR,Shut Down - NCV,"Poppet - Sealed, O Ring - Installed, Harness - Zip Tied",SO0040099,1,Not Specified,0,PASE,84305575     PASE,PIN,0,0,5/30/2023,6.0899,1035.2999
SO0040489-2,SO0040489,2,4/11/2023,PASEIH,9861,SPRAYS,2023,YPT056751,0,PDI INSPECTION   OIL LEAK ON GEAR PUMP PRESSURE SIDE FITTING. OIL LEAK ON  M3 PORT.     AIR LINE TO TIP CLEANING STATION LEAKING WATER.   CHECK FLUID LEVELS. FOUND RIGHT REAR SHIELD BOLT RUBBING ON HYD. BREAKER HOSE. IT HAD ALREADY SLIGHTLY DAMAGED HOSE. ,Unknown,The oil leak from the gear pump fitting was loose. FIXED CONNECTION. The test is still leaked. CONNECTOR REMOVED TO CHECK O-RING. Seam deformed. O-RING REPLACED.       The assembly on the M3 connector was not loose. O-RING SEAM DEFORMED. O-RING REPLACED.     ORDER NEW AIR,"Derated - Engine, Faulty - No Component Mentioned",No Component Mentioned - No Component Mentioned,SO0040489,2,Not Specified,0,PASE,84522817     PASE,UNION TEE,0,0,5/30/2023,6.0899,1035.2999
SO0042678-1,SO0042678,1,4/11/2023,PASEIH,9861,SPRAYS,2023,YPT056751,0,PDI INSPECTION   OIL LEAK ON GEAR PUMP PRESSURE SIDE FITTING. OIL LEAK ON  M3 PORT.     AIR LINE TO TIP CLEANING STATION LEAKING WATER.   CHECK FLUID LEVELS. FOUND RIGHT REAR SHIELD BOLT RUBBING ON HYD. BREAKER HOSE. IT HAD ALREADY SLIGHTLY DAMAGED HOSE. ,Unknown,The oil leak from the gear pump fitting was loose. FIXED CONNECTION. The test is still leaked. CONNECTOR REMOVED TO CHECK O-RING. Seam deformed. O-RING REPLACED.       The assembly on the M3 connector was not loose. O-RING SEAM DEFORMED. O-RING REPLACED.     ORDER NEW AIR,Not Mentioned - Not Mentioned,"Auto Fold Node - Loaded Software, No Component Mentioned - Cleared Fault, Boom Fold Sensor - Recalibrated, Height Sensor - Recalibrated, RCM - Updated, No Component Mentioned - Downloaded Software, Raven Monitor - Loaded Software",SO0042678,1,Not Specified,0,PASE,25500545     PASE,BOLT,0,0,5/30/2023,6.0899,1035.2999
SO0046850-1,SO0046850,1,4/11/2023,PASEIH,9861,SPRAYS,2023,YPT056751,0,NOZZLES HITTING TANK ON RIGHT SIDE IN AUTOFOLDNOZZLES HITTING RAILING ON LEFT SIDE IN AUTOFOLDTHE BOOMS ARE CRADLING CLOSE5 WAY NOZZLES,Unknown,Took photos of jets and marks left on the tank.    BOTH TYPES OF 5-WAY NOZZLE BODY ATTACH THE TANK. I HAVE TURNED OFF 5 OF THE 5-WAY NOZZLE BODY TO AIM ONLY AT SOL. TO THE PRODUCT BOOM SADDLES.   TEST SPRAY TO CHECK FOR LEAKS. Looked good.  I called Troy,Not Blowing - Cab,No Component Mentioned - No Component Mentioned,SO0046850,1,SHOP 439107FARM 439114SHOP 439112,0,PASE,MR444-43CIH91     PASE,SPRAY,0,0,6/15/2023,2.87,481.44
SO0046925-1,SO0046925,1,4/11/2023,PASEIH,9861,SPRAYS,2023,YPT056751,67,PDI INSPECTION   OIL LEAK ON GEAR PUMP PRESSURE SIDE FITTING. OIL LEAK ON  M3 PORT.     AIR LINE TO TIP CLEANING STATION LEAKING WATER.   CHECK FLUID LEVELS. FOUND RIGHT REAR SHIELD BOLT RUBBING ON HYD. BREAKER HOSE. IT HAD ALREADY SLIGHTLY DAMAGED HOSE. ,Unknown,The oil leak from the gear pump fitting was loose. FIXED CONNECTION. The test is still leaked. CONNECTOR REMOVED TO CHECK O-RING. Seam deformed. O-RING REPLACED.       The assembly on the M3 connector was not loose. O-RING SEAM DEFORMED. O-RING REPLACED.     ORDER NEW AIR,"Rough - Engine, Dead - Engine","Engine Control Module - Installed, Engine Control Module - Loaded Software",SO0046925,1,Not Specified,1,PASE,84514274     PASE,OIL HV46 5GAL HYDRAULIC,81.4699,81.4699,9/2/2023,18.4497,995.2095
SO0049014-1,SO0049014,1,4/11/2023,PASEIH,9861,SPRAYS,2023,YPT056751,67,PDI INSPECTION   OIL LEAK ON GEAR PUMP PRESSURE SIDE FITTING. OIL LEAK ON  M3 PORT.     AIR LINE TO TIP CLEANING STATION LEAKING WATER.   CHECK FLUID LEVELS. FOUND RIGHT REAR SHIELD BOLT RUBBING ON HYD. BREAKER HOSE. IT HAD ALREADY SLIGHTLY DAMAGED HOSE. ,Unknown,The oil leak from the gear pump fitting was loose. FIXED CONNECTION. The test is still leaked. CONNECTOR REMOVED TO CHECK O-RING. Seam deformed. O-RING REPLACED.       The assembly on the M3 connector was not loose. O-RING SEAM DEFORMED. O-RING REPLACED.     ORDER NEW AIR,Oil Leak - Sprayer,No Component Mentioned - No Component Mentioned,SO0049014,1,Not Specified,1,PICK,84209159     PASE,"""FLANGE VALVE 1""""""",15.28,15.28,9/2/2023,18.4497,995.2095
SO0049014-2,SO0049014,2,4/11/2023,PASEIH,9861,SPRAYS,2023,YPT056751,67,PDI INSPECTION   OIL LEAK ON GEAR PUMP PRESSURE SIDE FITTING. OIL LEAK ON  M3 PORT.     AIR LINE TO TIP CLEANING STATION LEAKING WATER.   CHECK FLUID LEVELS. FOUND RIGHT REAR SHIELD BOLT RUBBING ON HYD. BREAKER HOSE. IT HAD ALREADY SLIGHTLY DAMAGED HOSE. ,Unknown,The oil leak from the gear pump fitting was loose. FIXED CONNECTION. The test is still leaked. CONNECTOR REMOVED TO CHECK O-RING. Seam deformed. O-RING REPLACED.       The assembly on the M3 connector was not loose. O-RING SEAM DEFORMED. O-RING REPLACED.     ORDER NEW AIR,Loose - Condenser,Thread - Tapped,SO0049014,2,Not Specified,2,PICK,14012740     PASE,1.0 COUPLER,7,6.99,9/2/2023,18.4497,995.2095
SO0049014-4,SO0049014,4,4/11/2023,PASEIH,9861,SPRAYS,2023,YPT056751,67,PDI INSPECTION   OIL LEAK ON GEAR PUMP PRESSURE SIDE FITTING. OIL LEAK ON  M3 PORT.     AIR LINE TO TIP CLEANING STATION LEAKING WATER.   CHECK FLUID LEVELS. FOUND RIGHT REAR SHIELD BOLT RUBBING ON HYD. BREAKER HOSE. IT HAD ALREADY SLIGHTLY DAMAGED HOSE. ,Unknown,The oil leak from the gear pump fitting was loose. FIXED CONNECTION. The test is still leaked. CONNECTOR REMOVED TO CHECK O-RING. Seam deformed. O-RING REPLACED.       The assembly on the M3 connector was not loose. O-RING SEAM DEFORMED. O-RING REPLACED.     ORDER NEW AIR,Broken - Light,"Headlight - Replaced, Headlight - Realigned",SO0049014,4,Not Specified,1,PASE,84043144     PASE,NUT  WING,0.92,0.92,9/2/2023,18.4497,995.2095
SO0049171-1,SO0049171,1,4/11/2023,PASEIH,9861,SPRAYS,2023,YPT056751,67,PDI INSPECTION   OIL LEAK ON GEAR PUMP PRESSURE SIDE FITTING. OIL LEAK ON  M3 PORT.     AIR LINE TO TIP CLEANING STATION LEAKING WATER.   CHECK FLUID LEVELS. FOUND RIGHT REAR SHIELD BOLT RUBBING ON HYD. BREAKER HOSE. IT HAD ALREADY SLIGHTLY DAMAGED HOSE. ,Unknown,The oil leak from the gear pump fitting was loose. FIXED CONNECTION. The test is still leaked. CONNECTOR REMOVED TO CHECK O-RING. Seam deformed. O-RING REPLACED.       The assembly on the M3 connector was not loose. O-RING SEAM DEFORMED. O-RING REPLACED.     ORDER NEW AIR,Detached - Fuel Door,No Component Mentioned - No Component Mentioned,SO0049171,1,Not Specified,2,PASE,8304138     PASE,GASKET,1.26,1.25,9/2/2023,18.4497,995.2095
SO0049171-2,SO0049171,2,4/11/2023,PASEIH,9861,SPRAYS,2023,YPT056751,67,PDI INSPECTION   OIL LEAK ON GEAR PUMP PRESSURE SIDE FITTING. OIL LEAK ON  M3 PORT.     AIR LINE TO TIP CLEANING STATION LEAKING WATER.   CHECK FLUID LEVELS. FOUND RIGHT REAR SHIELD BOLT RUBBING ON HYD. BREAKER HOSE. IT HAD ALREADY SLIGHTLY DAMAGED HOSE. ,Unknown,The oil leak from the gear pump fitting was loose. FIXED CONNECTION. The test is still leaked. CONNECTOR REMOVED TO CHECK O-RING. Seam deformed. O-RING REPLACED.       The assembly on the M3 connector was not loose. O-RING SEAM DEFORMED. O-RING REPLACED.     ORDER NEW AIR,Not Mentioned - Not Mentioned,No Component Mentioned - No Component Mentioned,SO0049171,2,Not Specified,1,PASE,14783740     PASE,UNION TEE,13.05,13.05,9/2/2023,18.4497,995.2095
SO0049171-4,SO0049171,4,4/11/2023,PASEIH,9861,SPRAYS,2023,YPT056751,67,PDI INSPECTION   OIL LEAK ON GEAR PUMP PRESSURE SIDE FITTING. OIL LEAK ON  M3 PORT.     AIR LINE TO TIP CLEANING STATION LEAKING WATER.   CHECK FLUID LEVELS. FOUND RIGHT REAR SHIELD BOLT RUBBING ON HYD. BREAKER HOSE. IT HAD ALREADY SLIGHTLY DAMAGED HOSE. ,Unknown,The oil leak from the gear pump fitting was loose. FIXED CONNECTION. The test is still leaked. CONNECTOR REMOVED TO CHECK O-RING. Seam deformed. O-RING REPLACED.       The assembly on the M3 connector was not loose. O-RING SEAM DEFORMED. O-RING REPLACED.     ORDER NEW AIR,Not Mentioned - Not Mentioned,Recirculation System - Installed,SO0049171,4,Not Specified,1,PASE,8390414     OLDPO,O-RING,0.53,0.53,9/2/2023,18.4497,995.2095
SO0049367-1,SO0049367,1,4/11/2023,PASEIH,9861,SPRAYS,2023,YPT056751,67,PDI INSPECTION   OIL LEAK ON GEAR PUMP PRESSURE SIDE FITTING. OIL LEAK ON  M3 PORT.     AIR LINE TO TIP CLEANING STATION LEAKING WATER.   CHECK FLUID LEVELS. FOUND RIGHT REAR SHIELD BOLT RUBBING ON HYD. BREAKER HOSE. IT HAD ALREADY SLIGHTLY DAMAGED HOSE. ,Unknown,The oil leak from the gear pump fitting was loose. FIXED CONNECTION. The test is still leaked. CONNECTOR REMOVED TO CHECK O-RING. Seam deformed. O-RING REPLACED.       The assembly on the M3 connector was not loose. O-RING SEAM DEFORMED. O-RING REPLACED.     ORDER NEW AIR,Not Opening - Valve,Valve - Removed,SO0049367,1,Not Specified,1,PASE,84039885     PASE,ORING,0.51,0.52,9/2/2023,18.4497,995.2095
SO0049367-2,SO0049367,2,4/11/2023,PASEIH,9861,SPRAYS,2023,YPT056751,67,PDI INSPECTION   OIL LEAK ON GEAR PUMP PRESSURE SIDE FITTING. OIL LEAK ON  M3 PORT.     AIR LINE TO TIP CLEANING STATION LEAKING WATER.   CHECK FLUID LEVELS. FOUND RIGHT REAR SHIELD BOLT RUBBING ON HYD. BREAKER HOSE. IT HAD ALREADY SLIGHTLY DAMAGED HOSE. ,Unknown,The oil leak from the gear pump fitting was loose. FIXED CONNECTION. The test is still leaked. CONNECTOR REMOVED TO CHECK O-RING. Seam deformed. O-RING REPLACED.       The assembly on the M3 connector was not loose. O-RING SEAM DEFORMED. O-RING REPLACED.     ORDER NEW AIR,Not Mentioned - Not Mentioned,"Tip - Installed, Tip - Tested",SO0049367,2,Not Specified,1,PASE,44W04     PASE,WASHER,0.8599,0.8599,9/2/2023,18.4497,995.2095
SO0049367-3,SO0049367,3,4/11/2023,PASEIH,9861,SPRAYS,2023,YPT056751,67,PDI INSPECTION   OIL LEAK ON GEAR PUMP PRESSURE SIDE FITTING. OIL LEAK ON  M3 PORT.     AIR LINE TO TIP CLEANING STATION LEAKING WATER.   CHECK FLUID LEVELS. FOUND RIGHT REAR SHIELD BOLT RUBBING ON HYD. BREAKER HOSE. IT HAD ALREADY SLIGHTLY DAMAGED HOSE. ,Unknown,The oil leak from the gear pump fitting was loose. FIXED CONNECTION. The test is still leaked. CONNECTOR REMOVED TO CHECK O-RING. Seam deformed. O-RING REPLACED.       The assembly on the M3 connector was not loose. O-RING SEAM DEFORMED. O-RING REPLACED.     ORDER NEW AIR,"Leak - O Ring, Not Mentioned - Hose","O Ring - Replaced, Right Hose - Cut",SO0049367,3,Not Specified,2,PK SYSTEMS,14785813     PASE,CLAMP,6.52,6.5099,9/2/2023,18.4497,995.2095
SO0049367-4,SO0049367,4,4/11/2023,PASEIH,9861,SPRAYS,2023,YPT056751,67,PDI INSPECTION   OIL LEAK ON GEAR PUMP PRESSURE SIDE FITTING. OIL LEAK ON  M3 PORT.     AIR LINE TO TIP CLEANING STATION LEAKING WATER.   CHECK FLUID LEVELS. FOUND RIGHT REAR SHIELD BOLT RUBBING ON HYD. BREAKER HOSE. IT HAD ALREADY SLIGHTLY DAMAGED HOSE. ,Unknown,The oil leak from the gear pump fitting was loose. FIXED CONNECTION. The test is still leaked. CONNECTOR REMOVED TO CHECK O-RING. Seam deformed. O-RING REPLACED.       The assembly on the M3 connector was not loose. O-RING SEAM DEFORMED. O-RING REPLACED.     ORDER NEW AIR,Not Mentioned - Receiver,Radio - Installed,SO0049367,4,Not Specified,1,PASE,84201898     PASE,BOLT,0.87,0.87,9/2/2023,18.4497,995.2095
SO0055053-1,SO0055053,1,4/11/2023,PASEIH,9861,SPRAYS,2023,YPT056751,67,PDI INSPECTION   OIL LEAK ON GEAR PUMP PRESSURE SIDE FITTING. OIL LEAK ON  M3 PORT.     AIR LINE TO TIP CLEANING STATION LEAKING WATER.   CHECK FLUID LEVELS. FOUND RIGHT REAR SHIELD BOLT RUBBING ON HYD. BREAKER HOSE. IT HAD ALREADY SLIGHTLY DAMAGED HOSE. ,Unknown,The oil leak from the gear pump fitting was loose. FIXED CONNECTION. The test is still leaked. CONNECTOR REMOVED TO CHECK O-RING. Seam deformed. O-RING REPLACED.       The assembly on the M3 connector was not loose. O-RING SEAM DEFORMED. O-RING REPLACED.     ORDER NEW AIR,Not Mentioned - Not Mentioned,"Roof Harness - Installed, Antenna - Installed",SO0055053,1,Not Specified,2,PK SYSTEMS,30989452     PASE,GASKET,0.68,0.68,9/2/2023,18.4497,995.2095
SO0055584-10,SO0055584,10,4/11/2023,PASEIH,9861,SPRAYS,2023,YPT056751,67,PDI INSPECTION   OIL LEAK ON GEAR PUMP PRESSURE SIDE FITTING. OIL LEAK ON  M3 PORT.     AIR LINE TO TIP CLEANING STATION LEAKING WATER.   CHECK FLUID LEVELS. FOUND RIGHT REAR SHIELD BOLT RUBBING ON HYD. BREAKER HOSE. IT HAD ALREADY SLIGHTLY DAMAGED HOSE. ,Unknown,The oil leak from the gear pump fitting was loose. FIXED CONNECTION. The test is still leaked. CONNECTOR REMOVED TO CHECK O-RING. Seam deformed. O-RING REPLACED.       The assembly on the M3 connector was not loose. O-RING SEAM DEFORMED. O-RING REPLACED.     ORDER NEW AIR,Not Mentioned - No Component Mentioned,No Component Mentioned - No Component Mentioned,SO0055584,10,Not Specified,1,PASE,M4444     PICK,O-RING,0.7099,0.7099,9/2/2023,18.4497,995.2095
SO0055584-3,SO0055584,3,4/11/2023,PASEIH,9861,SPRAYS,2023,YPT056751,67,PDI INSPECTION   OIL LEAK ON GEAR PUMP PRESSURE SIDE FITTING. OIL LEAK ON  M3 PORT.     AIR LINE TO TIP CLEANING STATION LEAKING WATER.   CHECK FLUID LEVELS. FOUND RIGHT REAR SHIELD BOLT RUBBING ON HYD. BREAKER HOSE. IT HAD ALREADY SLIGHTLY DAMAGED HOSE. ,Unknown,The oil leak from the gear pump fitting was loose. FIXED CONNECTION. The test is still leaked. CONNECTOR REMOVED TO CHECK O-RING. Seam deformed. O-RING REPLACED.       The assembly on the M3 connector was not loose. O-RING SEAM DEFORMED. O-RING REPLACED.     ORDER NEW AIR,"Not Mentioned - Boom, Not Raised - Boom",Boom Isolation Valve - Realigned,SO0055584,3,Not Specified,1,PASE,CPS53     PKSYST,SPIRAX CX50 WHEEL OIL 5 GAL,95.6299,95.6299,9/2/2023,18.4497,995.2095
SO0055584-5,SO0055584,5,4/11/2023,PASEIH,9861,SPRAYS,2023,YPT056751,67,PDI INSPECTION   OIL LEAK ON GEAR PUMP PRESSURE SIDE FITTING. OIL LEAK ON  M3 PORT.     AIR LINE TO TIP CLEANING STATION LEAKING WATER.   CHECK FLUID LEVELS. FOUND RIGHT REAR SHIELD BOLT RUBBING ON HYD. BREAKER HOSE. IT HAD ALREADY SLIGHTLY DAMAGED HOSE. ,Unknown,The oil leak from the gear pump fitting was loose. FIXED CONNECTION. The test is still leaked. CONNECTOR REMOVED TO CHECK O-RING. Seam deformed. O-RING REPLACED.       The assembly on the M3 connector was not loose. O-RING SEAM DEFORMED. O-RING REPLACED.     ORDER NEW AIR,Stripped Thread - Boom,Adjuster - Replaced,SO0055584,5,Not Specified,2,PK SYSTEMS,CNS40     PKSYST,2X2 FLANGE CPG,9.5,9.5,9/2/2023,18.4497,995.2095
SO0058348-1,SO0058348,1,4/11/2023,PASEIH,9861,SPRAYS,2023,YPT056751,67,PDI INSPECTION   OIL LEAK ON GEAR PUMP PRESSURE SIDE FITTING. OIL LEAK ON  M3 PORT.     AIR LINE TO TIP CLEANING STATION LEAKING WATER.   CHECK FLUID LEVELS. FOUND RIGHT REAR SHIELD BOLT RUBBING ON HYD. BREAKER HOSE. IT HAD ALREADY SLIGHTLY DAMAGED HOSE. ,Unknown,The oil leak from the gear pump fitting was loose. FIXED CONNECTION. The test is still leaked. CONNECTOR REMOVED TO CHECK O-RING. Seam deformed. O-RING REPLACED.       The assembly on the M3 connector was not loose. O-RING SEAM DEFORMED. O-RING REPLACED.     ORDER NEW AIR,Not Mentioned - Not Mentioned,Boom Recirculation System - Installed,SO0058348,1,Not Specified,1,PASE,32533414     PASE,O-RING,0.68,0.68,9/2/2023,18.4497,995.2095
SO0058358-1,SO0058358,1,4/11/2023,PASEIH,9861,SPRAYS,2023,YPT056751,67,PDI INSPECTION   OIL LEAK ON GEAR PUMP PRESSURE SIDE FITTING. OIL LEAK ON  M3 PORT.     AIR LINE TO TIP CLEANING STATION LEAKING WATER.   CHECK FLUID LEVELS. FOUND RIGHT REAR SHIELD BOLT RUBBING ON HYD. BREAKER HOSE. IT HAD ALREADY SLIGHTLY DAMAGED HOSE. ,Unknown,The oil leak from the gear pump fitting was loose. FIXED CONNECTION. The test is still leaked. CONNECTOR REMOVED TO CHECK O-RING. Seam deformed. O-RING REPLACED.       The assembly on the M3 connector was not loose. O-RING SEAM DEFORMED. O-RING REPLACED.     ORDER NEW AIR,Fuel Leak - Seperator,No Component Mentioned - No Component Mentioned,SO0058358,1,Not Specified,2,PASE,PI444795S     PKSYST,NUT,2.56,2.56,9/2/2023,18.4497,995.2095
SO0058395-1,SO0058395,1,4/11/2023,PASEIH,9861,SPRAYS,2023,YPT056751,67,PDI INSPECTION   OIL LEAK ON GEAR PUMP PRESSURE SIDE FITTING. OIL LEAK ON  M3 PORT.     AIR LINE TO TIP CLEANING STATION LEAKING WATER.   CHECK FLUID LEVELS. FOUND RIGHT REAR SHIELD BOLT RUBBING ON HYD. BREAKER HOSE. IT HAD ALREADY SLIGHTLY DAMAGED HOSE. ,Unknown,The oil leak from the gear pump fitting was loose. FIXED CONNECTION. The test is still leaked. CONNECTOR REMOVED TO CHECK O-RING. Seam deformed. O-RING REPLACED.       The assembly on the M3 connector was not loose. O-RING SEAM DEFORMED. O-RING REPLACED.     ORDER NEW AIR,Fuel Pressure Loss - Machine,Filter - Replaced,SO0058395,1,Not Specified,1,PASE,84020229     PASE,"COUPLER,2 IN MANIFOLD",10.76,10.76,9/2/2023,18.4497,995.2095
SO0058400-1,SO0058400,1,4/11/2023,PASEIH,9861,SPRAYS,2023,YPT056751,67,PDI INSPECTION   OIL LEAK ON GEAR PUMP PRESSURE SIDE FITTING. OIL LEAK ON  M3 PORT.     AIR LINE TO TIP CLEANING STATION LEAKING WATER.   CHECK FLUID LEVELS. FOUND RIGHT REAR SHIELD BOLT RUBBING ON HYD. BREAKER HOSE. IT HAD ALREADY SLIGHTLY DAMAGED HOSE. ,Unknown,The oil leak from the gear pump fitting was loose. FIXED CONNECTION. The test is still leaked. CONNECTOR REMOVED TO CHECK O-RING. Seam deformed. O-RING REPLACED.       The assembly on the M3 connector was not loose. O-RING SEAM DEFORMED. O-RING REPLACED.     ORDER NEW AIR,Missed - Pad,"Skid Rubber Pad - Installed, Bolt - Retightened",SO0058400,1,Not Specified,1,PASE,444453     PASE,PIN,36.09,36.09,9/2/2023,18.4497,995.2095
SO0058402-2,SO0058402,2,4/14/2023,PASEIH,9861,SPRAYS,,YPT056185,10,Hyd. Leak,O-RING IS CAUSING LEAK AT HOSE FITTING,"FLOW RATE TO LOCATE LOCATION OF LEAK. HYDRAULIC CONNECTION REMOVED, THERE WAS A LEAK. DUE TO THE TENSION, BOTH ENDS OF THE HOSE HAD TO BE REMOVED AND THE CONNECTOR WAS REMOVED OUT OF THE WAY. Drain the oil from the pipe. THERE WAS NO O-RING IN THE LEAKING CONNECTION. INSTALLED NEW O-RING IN FITTI",Leak - Hose,"Line - Replaced, Line - Rerouted, Machine - Tested",SO0058402,2,Not Specified,4,PASE,84529341     PASE,O-RING,5.6,3.96,5/9/2023,1.1998,191.46
SO0058404-1,SO0058404,1,5/5/2023,PASEIH,9861,SPRAYS,,YPT056717,72,OIL DRIPPING FROM BOTTOM OF MACHINEPICTURES INCLUDED,O-RING ON MALE QUICK CONNECT STICKING OUT OF FITTING.,CUSTOMER CARE 14 MILES. O-RING ON QUICK CONNECTION WITH MALE EXCLUSION. THE PARTS DO NOT REPRESENT THIS QUICK COUPLING. DISASSEMBLY AND FIT O-RING. FILL HYDRAULIC TANK. RUNNING TEST.,Inoperative - Sensor,"Sensor - Replaced, Sensor - Recalibrated",SO0058404,1,Not Specified,0,PASE,32198544     PASE,O-RING,0,0,5/15/2023,1.52,358.28
SO0058406-1,SO0058406,1,5/5/2023,PASEIH,9861,SPRAYS,,YPT056717,72,OIL DRIPPING FROM BOTTOM OF MACHINEPICTURES INCLUDED,O-RING ON MALE QUICK CONNECT STICKING OUT OF FITTING.,CUSTOMER CARE 14 MILES. O-RING ON QUICK CONNECTION WITH MALE EXCLUSION. THE PARTS DO NOT REPRESENT THIS QUICK COUPLING. DISASSEMBLY AND FIT O-RING. FILL HYDRAULIC TANK. RUNNING TEST.,Not Updated - Hood,"Bracket - Installed, Nut - Retightened",SO0058406,1,Not Specified,1,PASE,32494340     PASE,OIL HV46 5GAL HYDRAULIC,120.12,92.09,5/15/2023,1.52,358.28
SO0058466-1,SO0058466,1,5/5/2023,PASEIH,9861,SPRAYS,,YPT056717,72,OIL DRIPPING FROM BOTTOM OF MACHINEPICTURES INCLUDED,O-RING ON MALE QUICK CONNECT STICKING OUT OF FITTING.,CUSTOMER CARE 14 MILES. O-RING ON QUICK CONNECTION WITH MALE EXCLUSION. THE PARTS DO NOT REPRESENT THIS QUICK COUPLING. DISASSEMBLY AND FIT O-RING. FILL HYDRAULIC TANK. RUNNING TEST.,Leak - Bin,"Steel Line - Replaced, Rubber Hose - Replaced",SO0058466,1,Not Specified,1,PASE,442-4429-732     PASE,O-RING,2.74,1.12,5/15/2023,1.52,358.28
SO0058466-2,SO0058466,2,5/5/2023,PASEIH,9861,SPRAYS,,YPT056717,72,OIL DRIPPING FROM BOTTOM OF MACHINEPICTURES INCLUDED,O-RING ON MALE QUICK CONNECT STICKING OUT OF FITTING.,CUSTOMER CARE 14 MILES. O-RING ON QUICK CONNECTION WITH MALE EXCLUSION. THE PARTS DO NOT REPRESENT THIS QUICK COUPLING. DISASSEMBLY AND FIT O-RING. FILL HYDRAULIC TANK. RUNNING TEST.,Not Mentioned - Chassis,"Right Rear Axle Sensor - No Fix Condition, Left Rear Axle Adjust Sensor - No Fix Condition, Alarm - No Fix Condition, Left Rear Wheel Motor - No Fix Condition, Left Front Wheel Motor - No Fix Condition, Right Rear Wheel Motor - No Fix Condition",SO0058466,2,Not Specified,0,PASE,442-4429-733     PASE,ORING,0,0,5/15/2023,1.52,358.28
SO0058466-3,SO0058466,3,5/16/2023,PASEIH,9861,SPRAYS,,YPT056185,22,OIL LEAK,BLOWN ORING,Truck loaded and driven to sprayer. Got to the sprayer and started looking for a leak. O-ring piece was sticking out of the fitting. Disconnected hose removed from fitting. Fitting removed from adapter. Damaged O-ring looked up. Oring part number matched the O-ring from the kit on T,Not Mentioned - Not Mentioned,"Drybox - No Fix Condition, Drybox - Deactivated, Drybox - Reset, Liquid System - Activated, Chassis Liquid System - Reconnected",SO0058466,3,Not Specified,2,PASE,37834538     PASE,OIL HV46 5GAL HYDRAULIC,240.24,169.0099,7/12/2023,6.9199,1312.01
SO0058466-4,SO0058466,4,5/16/2023,PASEIH,9861,SPRAYS,,YPT056185,22,HARNESS BROKE,POOR MATERIAL IN HARNESS,I was out on the farm replacing the NCV wiring harness on the left boom between the outer boom and the center boom fold because the main boom was cracked. I unhooked the NCVs on this harness and cut the zippers. I removed the old wiring harness and installed a new wiring harness. I have a zipper,Calibration Issue - Drive System,Block - Replaced,SO0058466,4,Not Specified,1,PASE,84049493     PASE,HARNESS  WIRE,670.32,415.3,7/24/2023,5.6299,1542.29
SO0058466-5,SO0058466,5,5/16/2023,PASEIH,9861,SPRAYS,,YPT056185,22,RINSE TANK LEAK,SIGHT GLASS TUBE IS LEAKING,"TOTAL MILES: 160 KM IN: 181342 KM OUT: 181502 LOCATION: 1701 US HWY 14 W HURON SD TO 43.76885, -98.97190 DRIVE TIME TO NOT INSPECTED SIGHT PIPE FOR LEAK. PIPE LEAKING FROM THE CONNECTIONS. OLD PIPE FROM TOP AND SOLVED LOWER CONNECTION. CLEANED","Communication Loss - Not Mentioned, Not Mentioned - Not Mentioned",Harness - Repaired,SO0058466,5,Not Specified,1,PASE,1344058394     PASE,HOSE,13.17,9.29,9/19/2023,3,957.8099
SO0058466-6,SO0058466,6,5/23/2023,PASEIH,9861,SPRAYS,2023,YPT056732,0,THE LIGHTS ON BOOM CLOSES TO CENTER PIVOT WERE MOUNTED UNDER SPRAY TIPS. SPRAY PATTERN WAS MESSED UP.AUTO FOLD AND AUTO BOOM WAS NOT SET . RIGHT BOOM WAS LOW FOR BOTH FUNCTIONS. THE CENTER BOOM ALSO HAD TO BE SET. LEFT BOOM HAD A LEAK AT A CONNECTOR.  THE,Unknown,"Moving lights mounted on boom. OUT FROM UNDER THE SPRAY NOZZLE. IF LEFT BOOM PRODUCT LEAKS, TIGHTEN CONNECTION. IF THE CONE BODY LEAKS, DISMANTLE THE TARGET BODY. PARTIALLY REMOVE PLASTIC. DEACON LIGHT INSTALLED.",Inoperative - Suspension,Manifold - Replaced,SO0058466,6,PUT 50 GAL. OF FUEL IN,1,PASE,25509571Q     PASE,ANTIFREEZE 1 GAL,19,11.46,5/31/2023,25.5999,3283.1798
SO0058466-7,SO0058466,7,5/23/2023,PASEIH,9861,SPRAYS,2023,YPT056732,0,INSTALL 5 WAY NOZZLE BODIES,Unknown,65 INSTALL 5-WAY NOZZLE BODY. 7 THE 5-WAY NOZZLE BODY COULD NOT BE INSTALLED. Because of the release issues.  Place additional bodies in the toolbox. WE HAVE 1 BODY ON ORDER. IT WAS BROKEN.,Inoperative - Tarp,"Control Box - Replaced, Fuse - Tested",SO0058466,7,Not Specified,4,PASE,37834140     PASE,SPRAY,38.8,26.68,5/31/2023,10.8599,1342.9198
SO0058466-8,SO0058466,8,5/23/2023,PASEIH,9861,SPRAYS,2023,YPT056732,0,LEAKING OIL AT STEERING HAND PUMP.  SEE PICTURE,Unknown,The hose could not be separated from the T-piece. HOSE ATTACHED TO TEE REMOVED. ATTEMPT TO REMOVE THE T-CLAP HOSE FROM THE VICE. The hose could not be pushed in far enough to release the retaining fingers. I then tried unscrewing the coupling end. Order the appropriate hose,"Broken - Harness, Failed - Sensor","Harness - Repaired, Sensor - Sent",SO0058466,8,Not Specified,1,PASE,1349311031     PASE,HOSE,64.1299,64.1299,5/31/2023,4.7899,1080.1899
SO0058480-1,SO0058480,1,5/23/2023,PASEIH,9861,SPRAYS,2023,YPT056732,0,LEAKING OIL AT STEERING HAND PUMP.  SEE PICTURE,Unknown,The hose could not be separated from the T-piece. HOSE ATTACHED TO TEE REMOVED. ATTEMPT TO REMOVE THE T-CLAP HOSE FROM THE VICE. The hose could not be pushed in far enough to release the retaining fingers. I then tried unscrewing the coupling end. Order the appropriate hose,Error Code - Engine,"Harness - Installed, Pressure Sensor - Installed",SO0058480,1,Not Specified,1,PASE,32039511     PASE,TEE  RUN,56.7,56.7,5/31/2023,4.7899,1080.1899
SO0058542-1,SO0058542,1,5/31/2023,PASEIH,9861,SPRAYS,,YPT057018,24,FUEL SENDER OPEN,FAILED SENDING UNITPN: 51457614UNIT HRS: 19.75,Started troubleshooting the fuel sender code. CODES DRAWN AND TROUBLESHOOTING FOLLOWED AS PER ETIM. HOOD REMOVED FROM MACHINE. CHECKED VOLTAGE AND CABLES. Found it good. The connectors have been removed and checked to ensure that the pins are all secure and not damaged. WI,"Leak - Tank, Dirty - Tube",No Component Mentioned - No Component Mentioned,SO0058542,1,Not Specified,1,PASE,84145299     PASE,SENSOR,429,300.85,7/31/2023,2.8899,945.5899
SO0058616-1,SO0058616,1,5/31/2023,PASEIH,9861,SPRAYS,,YPT057018,24,OIL LEAK NEAR RIGHT REAR TIRE,FAULT HYDRAULIC TUBEPN: 51698614UNIT HRS: 21,Started troubleshooting hydraulic leak. RAN MACHINE FOR HEATING OIL. Started inspection and found oil leaking from pipe under engine near right rear wheel. HOSE THAT GOES INTO PIPE REMOVED AND O-RING REPLACED. Reinstalled and found it was still leaking. I found this hose,Not Mentioned - Not Mentioned,Bracket - Installed,SO0058616,1,Not Specified,0,PASE,CPS49     PKSYST,TUBE,0,0,7/31/2023,3.5698,839.7097
SO0058617-1,SO0058617,1,5/31/2023,PASEIH,9861,SPRAYS,,YPT057018,24,OIL LEAK NEAR RIGHT REAR TIRE,FAULT HYDRAULIC TUBEPN: 51698614UNIT HRS: 21,Started troubleshooting hydraulic leak. RAN MACHINE FOR HEATING OIL. Started inspection and found oil leaking from pipe under engine near right rear wheel. HOSE THAT GOES INTO PIPE REMOVED AND O-RING REPLACED. Reinstalled and found it was still leaking. I found this hose,"Broken - Windshield, Not Mentioned - Window","Front Hood - Removed, Wiper Blade - Removed, Fuel Tank - Drained, DEF Tank - Drained, Front LED Roof Cap Light - Removed, Front Window - Installed",SO0058617,1,Not Specified,1,PASE,84073307     PASE,O-RING,1.53,1.03,7/31/2023,3.5698,839.7097
SO0058617-3,SO0058617,3,5/31/2023,PASEIH,9861,SPRAYS,,YPT057018,24,OIL LEAK NEAR RIGHT REAR TIRE,FAULT HYDRAULIC TUBEPN: 51698614UNIT HRS: 21,Started troubleshooting hydraulic leak. RAN MACHINE FOR HEATING OIL. Started inspection and found oil leaking from pipe under engine near right rear wheel. HOSE THAT GOES INTO PIPE REMOVED AND O-RING REPLACED. Reinstalled and found it was still leaking. I found this hose,Leak - Axle,"Tire - Removed, Steering Cylinder - Removed, Air Suspension - Removed, Mount Plate - Removed",SO0058617,3,Not Specified,1,PASE,84305579     PASE,OIL HV46 5GAL HYDRAULIC,120.1201,90.62,7/31/2023,3.5698,839.7097
SO0058668-1,SO0058668,1,5/31/2023,PASEIH,9861,SPRAYS,,YPT057018,24,OIL LEAK NEAR RIGHT REAR TIRE,FAULT HYDRAULIC TUBEPN: 51698614UNIT HRS: 21,Started troubleshooting hydraulic leak. RAN MACHINE FOR HEATING OIL. Started inspection and found oil leaking from pipe under engine near right rear wheel. HOSE THAT GOES INTO PIPE REMOVED AND O-RING REPLACED. Reinstalled and found it was still leaking. I found this hose,"Leak - Bed, Loose - Bed",No Component Mentioned - No Component Mentioned,SO0058668,1,Not Specified,1,PASE,14130219     PASE,TUBE,79.9099,56.3999,7/31/2023,3.5698,839.7097
SO0058674-1,SO0058674,1,5/31/2023,PASEIH,9861,SPRAYS,,YPT057018,24,HYDRAULIC LEAK,NO ORING IN BOTTOM OIL COOLER FITTINGUNIT HRS 21PN: 9824051,Started troubleshooting oil leaks. It was found to be dripping down the right frame rail under the engine. FOLLOWED TRY TO THE RADIATOR. It was discovered that the fitting on the bottom of the oil cooler was leaking. The fitting was removed and it was discovered that there was no O-ring in it. O-RING INSTALLED. ATTACHED,Leak - Axle,No Component Mentioned - No Component Mentioned,SO0058674,1,Not Specified,1,OLD POLLAND,BN545225     PASE,O-RING,0.51,0.32,7/31/2023,1.6599,297.2299
SO0058674-2,SO0058674,2,5/31/2023,PASEIH,9861,SPRAYS,2023,YPT056751,0,HYDRAULIC LEAK,"FACTORY DID NOT TIGHTEN HOSE, PART NUMBER 90391635","CUSTOMER SERVICE CALL THE MACHINE TO FIND A LEAKING HOSE. FOUND THAT THE HOSE WITH PART NUMBER 90391635 WAS LEAKING DUE TO POOR QUALITY CONTROL AT THE FACTORY, HOSES NOT TIGHTLY CLOSED. O-RING FOR HOSE 90391635 REPLACED",Leak - Fuel Tank,Fuel Tank - Replaced,SO0058674,2,Not Specified,2,PASE,2333247     PASE,OIL HV46 5GAL HYDRAULIC,184.8,162.94,6/25/2023,2.6499,733.15
SO0058675-2,SO0058675,2,5/31/2023,PASEIH,9861,SPRAYS,2023,YPT056751,0,HYDRAULIC LEAK,"FACTORY DID NOT TIGHTEN HOSE, PART NUMBER 90391635","CUSTOMER SERVICE CALL THE MACHINE TO FIND A LEAKING HOSE. FOUND THAT THE HOSE WITH PART NUMBER 90391635 WAS LEAKING DUE TO POOR QUALITY CONTROL AT THE FACTORY, HOSES NOT TIGHTLY CLOSED. O-RING FOR HOSE 90391635 REPLACED",Leak - Fuel Tank,Left Fuel Tank - Reinstalled,SO0058675,2,Not Specified,1,PASE,32754444     PASE,KIT  SERVICE,52.8,42.53,6/25/2023,2.6499,733.15
SO0058682-1,SO0058682,1,5/31/2023,PASEIH,9861,SPRAYS,2023,YPT056751,67,HYD. LEAK ON HYD. TANK.,Unknown,REMOVE HOSE FROM TANK. Check if the O-ring is damaged and seated over the mounting surface. REINSTALLED AND FIXED. Check the other fittings on the tank. HAVE A PICTURE OF THE FIT THAT IS NOT TIGHT. BUT WAS NOT LEAKING. REFILLED HYD. TANK WITH GAL. FROM HYD. OIL.,"Missed - Planetary Gear, Missed - Thrust","Jam Nut - Retightened, Plug - Installed, No Component Mentioned - Drained, Tire - Removed",SO0058682,1,Not Specified,2,PASE,30434549     PASE,OIL HV46 5GAL HYDRAULIC,184.8,162.94,6/25/2023,4.1799,966.4599
SO0058682-2,SO0058682,2,5/31/2023,PASEIH,9861,SPRAYS,2023,YPT056751,67,50 HOUR SERVICE.  CHANGE HUB LUBE ON FOUR HUBS. PLUGGED LOOKED NORMAL FLASHING.CHANGE HYD. RETURN FILTER AND CHARGE FILTER. INSPECTED MACHINE. DID 100 HOUR SERVICE AS PER OPERATOR. CHANGE ENG. OIL AND FILTER.INSPECT MACHINE.,Unknown,SERVICED HUBS AND HYD. FILTER 6 QT SPIRAX S4 CX 50 LUBE.   Got it from 5 gallons. BUCKET. REPLACES ENG. OIL AND FILTER.  29 QT ENG. OIL,Dirty - Tube,No Component Mentioned - No Component Mentioned,SO0058682,2,Not Specified,29,PASE,942-4448     PASE,10 40 semi synthetic,163.8499,124.12,6/25/2023,2.2098,952.5398
SO0058682-3,SO0058682,3,5/31/2023,PASEIH,9861,SPRAYS,2023,YPT056751,67,50 HOUR SERVICE.  CHANGE HUB LUBE ON FOUR HUBS. PLUGGED LOOKED NORMAL FLASHING.CHANGE HYD. RETURN FILTER AND CHARGE FILTER. INSPECTED MACHINE. DID 100 HOUR SERVICE AS PER OPERATOR. CHANGE ENG. OIL AND FILTER.INSPECT MACHINE.,Unknown,SERVICED HUBS AND HYD. FILTER 6 QT SPIRAX S4 CX 50 LUBE.   Got it from 5 gallons. BUCKET. REPLACES ENG. OIL AND FILTER.  29 QT ENG. OIL,Not Mentioned - Not Mentioned,No Component Mentioned - No Component Mentioned,SO0058682,3,Not Specified,1,PASE,84090883     PASE,FILTER ELEMENT,39.81,24.65,6/25/2023,2.2098,952.5398
SO0058682-7,SO0058682,7,5/31/2023,PASEIH,9861,SPRAYS,2023,YPT056751,67,50 HOUR SERVICE.  CHANGE HUB LUBE ON FOUR HUBS. PLUGGED LOOKED NORMAL FLASHING.CHANGE HYD. RETURN FILTER AND CHARGE FILTER. INSPECTED MACHINE. DID 100 HOUR SERVICE AS PER OPERATOR. CHANGE ENG. OIL AND FILTER.INSPECT MACHINE.,Unknown,SERVICED HUBS AND HYD. FILTER 6 QT SPIRAX S4 CX 50 LUBE.   Got it from 5 gallons. BUCKET. REPLACES ENG. OIL AND FILTER.  29 QT ENG. OIL,Not Mentioned - Not Mentioned,No Component Mentioned - No Component Mentioned,SO0058682,7,Not Specified,1,PASE,37837345     PASE,FILTER  ENGINE OIL,163,104.65,6/25/2023,2.2098,952.5398
SO0058682-8,SO0058682,8,5/31/2023,PASEIH,9861,SPRAYS,2023,YPT056751,67,50 HOUR SERVICE.  CHANGE HUB LUBE ON FOUR HUBS. PLUGGED LOOKED NORMAL FLASHING.CHANGE HYD. RETURN FILTER AND CHARGE FILTER. INSPECTED MACHINE. DID 100 HOUR SERVICE AS PER OPERATOR. CHANGE ENG. OIL AND FILTER.INSPECT MACHINE.,Unknown,SERVICED HUBS AND HYD. FILTER 6 QT SPIRAX S4 CX 50 LUBE.   Got it from 5 gallons. BUCKET. REPLACES ENG. OIL AND FILTER.  29 QT ENG. OIL,Not Mentioned - Not Mentioned,No Component Mentioned - No Component Mentioned,SO0058682,8,Not Specified,1,PASE,3404531     PASE,FILTER  ELEMENT,182,112.71,6/25/2023,2.2098,952.5398
SO0058682-9,SO0058682,9,5/31/2023,PASEIH,9861,SPRAYS,2023,YPT056751,119,going to freeze winterize,Unknown,Empty the product tank and rinse tank. Lower the product boom and RECULATION system. Drain CHEMICAL INDUCTOR. Remove filter bowls and clean filters. Reinstall filters. Wait for RV antifreeze.  Fill the flush tank with 30 gallons. RV antifreeze.  Fill the product with the R,Not Mentioned - Not Mentioned,No Component Mentioned - No Component Mentioned,SO0058682,9,Not Specified,2,PASE,AF875     PASE,NIPPLE,20.5,10.34,1/18/2024,6.38,1678.9998
SO0058694-1,SO0058694,1,5/31/2023,PASEIH,9861,SPRAYS,2023,YPT056751,119,going to freeze winterize,Unknown,Empty the product tank and rinse tank. Lower the product boom and RECULATION system. Drain CHEMICAL INDUCTOR. Remove filter bowls and clean filters. Reinstall filters. Wait for RV antifreeze.  Fill the flush tank with 30 gallons. RV antifreeze.  Fill the product with the R,Not Mentioned - Not Mentioned,No Component Mentioned - No Component Mentioned,SO0058694,1,Not Specified,2,PICK,LF5172     PASE,RV ANTI FREEZE,520.6599,368.5,1/18/2024,6.38,1678.9998
SO0058699-1,SO0058699,1,5/31/2023,PASEIH,9861,SPRAYS,2023,YPT056751,119,going to freeze winterize,Unknown,Empty the product tank and rinse tank. Lower the product boom and RECULATION system. Drain CHEMICAL INDUCTOR. Remove filter bowls and clean filters. Reinstall filters. Wait for RV antifreeze.  Fill the flush tank with 30 gallons. RV antifreeze.  Fill the product with the R,Error Code - Machine,No Component Mentioned - No Component Mentioned,SO0058699,1,Not Specified,4,PK SYSTEMS,AF802     PASE,3/8 COUPLER,19,17.8398,1/18/2024,6.38,1678.9998
SO0058699-2,SO0058699,2,5/31/2023,PASEIH,9861,SPRAYS,2023,YPT056751,119,going to freeze winterize,Unknown,Empty the product tank and rinse tank. Lower the product boom and RECULATION system. Drain CHEMICAL INDUCTOR. Remove filter bowls and clean filters. Reinstall filters. Wait for RV antifreeze.  Fill the flush tank with 30 gallons. RV antifreeze.  Fill the product with the R,Stuck Open - Wheel,"Coap Control Valve - Replaced, Coil - Replaced",SO0058699,2,Not Specified,2,PK SYSTEMS,HF7430     PASE,1/4 PIPE CL/NIP,6.7,6.7,1/18/2024,6.38,1678.9998
SO0058699-3,SO0058699,3,5/31/2023,PASEIH,9861,SPRAYS,2023,YPT056751,119,product boom leaks after use of boom air purge system.,Unknown,Install pressure regulator according to ASSIST. TO reduce air pressure from 120 PSI. up to 55 psi.,Not Installed - Mat,Slip Mat - Installed,SO0058699,3,Not Specified,1,PASE,AF11343     PASE,REGULATOR,33.91,31.1099,1/18/2024,2.22,452.8699
SO0058699-5,SO0058699,5,5/31/2023,PASEIH,9861,SPRAYS,2023,YPT056751,119,product boom leaks after use of boom air purge system.,Unknown,Install pressure regulator according to ASSIST. TO reduce air pressure from 120 PSI. up to 55 psi.,Not Mentioned - Boom,"Breakaway Bumper - Removed, Pin - Cleaned, Breakaway Pin - Ran",SO0058699,5,Not Specified,2,PK SYSTEMS,25500950     PASE,1/2X3/8 FITTING,3.82,3.82,1/18/2024,2.22,452.8699
SO0058699-7,SO0058699,7,5/31/2023,PASEIH,9861,SPRAYS,2023,YPT056751,119,5 way nozzles hitting product tank.  Spacer kit on order Plastic parts damaged from not enough shielding.,Unknown,Parts made to order to place the correct Doom saddle. 3 plates were installed where the right saddle connects to the frame. New hardware installed with RED LOCKTITE and torqued to 80 ft. LB. I have to remember the automatic unfolding of the page. Mark and I had shields made to protect the product boom. In,"Not Mentioned - No Component Mentioned, Not Mentioned - DEF System",DEF - Installed,SO0058699,7,Not Specified,1,PASE,32213972     PASE,BODY,61.91,56.8,1/29/2024,1.0999,463.03
SO0058699-8,SO0058699,8,5/31/2023,PASEIH,9861,SPRAYS,2023,YPT056751,119,5 way nozzles hitting product tank.  Spacer kit on order Plastic parts damaged from not enough shielding.,Unknown,Parts made to order to place the correct Doom saddle. 3 plates were installed where the right saddle connects to the frame. New hardware installed with RED LOCKTITE and torqued to 80 ft. LB. I have to remember the automatic unfolding of the page. Mark and I had shields made to protect the product boom. In,Oil Leak - Hose,No Component Mentioned - No Component Mentioned,SO0058699,8,Not Specified,6,PASE,942-4493     PASE,NUT  LOCK,2.76,2.51,1/29/2024,1.0999,463.03
SO0058700-1,SO0058700,1,5/31/2023,PASEIH,9861,SPRAYS,2023,YPT056751,119,5 way nozzles hitting product tank.  Spacer kit on order Plastic parts damaged from not enough shielding.,Unknown,Parts made to order to place the correct Doom saddle. 3 plates were installed where the right saddle connects to the frame. New hardware installed with RED LOCKTITE and torqued to 80 ft. LB. I have to remember the automatic unfolding of the page. Mark and I had shields made to protect the product boom. In,Not Mentioned - Transmission,"Rear Differential - Inspected, Rear Differential - Drained, Hub Bolt - Removed, Hub Axle - Inspected",SO0058700,1,Not Specified,3,PASE,2881441     PASE,PLATE  MOUNTING,0,52.41,1/29/2024,1.0999,463.03
SO0058700-2,SO0058700,2,5/31/2023,PASEIH,9861,SPRAYS,2023,YPT056751,119,5 way nozzles hitting product tank.  Spacer kit on order Plastic parts damaged from not enough shielding.,Unknown,Parts made to order to place the correct Doom saddle. 3 plates were installed where the right saddle connects to the frame. New hardware installed with RED LOCKTITE and torqued to 80 ft. LB. I have to remember the automatic unfolding of the page. Mark and I had shields made to protect the product boom. In,Oil Leak - Hydraulic Block,"O Ring Seal - Reinstalled, Plug Fitting - Reassembled",SO0058700,2,Not Specified,12,PASE,244441094     AGRO,WASHER,23.4,24.24,1/29/2024,1.0999,463.03
SO0058709-1,SO0058709,1,5/31/2023,PASEIH,9861,SPRAYS,2023,YPT056751,119,5 way nozzles hitting product tank.  Spacer kit on order Plastic parts damaged from not enough shielding.,Unknown,Parts made to order to place the correct Doom saddle. 3 plates were installed where the right saddle connects to the frame. New hardware installed with RED LOCKTITE and torqued to 80 ft. LB. I have to remember the automatic unfolding of the page. Mark and I had shields made to protect the product boom. In,Not Latched - Steering,Cable - Rerouted,SO0058709,1,Not Specified,6,PASE,244441048     AGRO,"BOLT,M12 X 85",71.76,65.8799,1/29/2024,1.0999,463.03
SO0058710-1,SO0058710,1,5/31/2023,PASEIH,9861,SPRAYS,2023,YPT056751,119,5 way nozzles hitting product tank.  Spacer kit on order Plastic parts damaged from not enough shielding.,Unknown,Parts made to order to place the correct Doom saddle. 3 plates were installed where the right saddle connects to the frame. New hardware installed with RED LOCKTITE and torqued to 80 ft. LB. I have to remember the automatic unfolding of the page. Mark and I had shields made to protect the product boom. In,"Leak - Shaft, Excessive End Play - Shaft","Air Line Shift Solenoid - Removed, Drive Shaft - Removed, No Component Mentioned - Drained, Auxiliary Transmission - Removed, Auxiliary Transmission Yoke - Removed, Air Fitting - Removed, Auxiliary Transmission Yoke - Installed, Auxiliary Transmission - Installed",SO0058710,1,Not Specified,1,PASE,244441043     AGRO,BRACKET,48.75,40.46,1/29/2024,1.0999,463.03
SO0058711-1,SO0058711,1,5/31/2023,PASEIH,9861,SPRAYS,2023,YPT056751,119,5 way nozzles hitting product tank.  Spacer kit on order Plastic parts damaged from not enough shielding.,Unknown,Parts made to order to place the correct Doom saddle. 3 plates were installed where the right saddle connects to the frame. New hardware installed with RED LOCKTITE and torqued to 80 ft. LB. I have to remember the automatic unfolding of the page. Mark and I had shields made to protect the product boom. In,Not Installed - Oil Cooler,"Shroud - Installed, Hinge Plate - Installed, Cooler - Installed, Cooler Screen - Installed",SO0058711,1,Not Specified,1,PASE,244443434     AGRO,BRACKET,48.75,40.46,1/29/2024,1.0999,463.03
SO0058711-2,SO0058711,2,5/31/2023,PASEIH,9861,SPRAYS,2023,YPT056751,119,Do service needed,Unknown,Replace Eng. OIL and filter.  30 qt 10w40Replace fuel filter BLEED fuel system Check engine. AIR FILTER. THEY looked OK. Machine greased. Ing. Coolant good down to -35 degrees. Check tire pressure.  set to 63 PSI. Fill up hydr. OIL tank with HV 46 8 qt. from stock,Not Mentioned - Boom,"Left Boom - Unfold, Height Sensor - Unhook, Boom Position Sensor - Unhook, Breakaway - Removed, Middle Boom - Removed",SO0058711,2,Not Specified,1,PASE,244443974     AGRO,BOLT,5.35,2.45,1/29/2024,22.9196,4541.1197
SO0058711-4,SO0058711,4,5/31/2023,PASEIH,9861,SPRAYS,2023,YPT056751,119,Do service needed,Unknown,Replace Eng. OIL and filter.  30 qt 10w40Replace fuel filter BLEED fuel system Check engine. AIR FILTER. THEY looked OK. Machine greased. Ing. Coolant good down to -35 degrees. Check tire pressure.  set to 63 PSI. Fill up hydr. OIL tank with HV 46 8 qt. from stock,Cracked - Tip,"Tip - Reinstalled, Breakaway - Added, Plate - Used Grinder, Cylinder - Added, Pin - Added, Hydraulic Line - Hooked",SO0058711,4,Not Specified,1,PASE,244443975     AGRO,FILTER  FUEL,20.25,11.46,1/29/2024,22.9196,4541.1197
SO0058716-1,SO0058716,1,5/31/2023,PASEIH,9861,SPRAYS,2023,YPT056751,119,Do service needed,Unknown,Replace Eng. OIL and filter.  30 qt 10w40Replace fuel filter BLEED fuel system Check engine. AIR FILTER. THEY looked OK. Machine greased. Ing. Coolant good down to -35 degrees. Check tire pressure.  set to 63 PSI. Fill up hydr. OIL tank with HV 46 8 qt. from stock,Not Mentioned - Not Mentioned,"Right Rear Wheel - Removed, Brake Shoe - Reconnected, Brake Drum - Removed",SO0058716,1,Not Specified,1,PASE,244449512     AGRO,FILTER  ENGINE OIL,163.71,105.66,1/29/2024,22.9196,4541.1197
SO0058722-1,SO0058722,1,5/31/2023,PASEIH,9861,SPRAYS,2023,YPT056751,119,Do service needed,Unknown,Replace Eng. OIL and filter.  30 qt 10w40Replace fuel filter BLEED fuel system Check engine. AIR FILTER. THEY looked OK. Machine greased. Ing. Coolant good down to -35 degrees. Check tire pressure.  set to 63 PSI. Fill up hydr. OIL tank with HV 46 8 qt. from stock,Not Mentioned - Not Mentioned,"Windshield - Removed, Windshield - Reinstalled, Windshield - Installed",SO0058722,1,Not Specified,1,PASE,244449072     AGRO,FILTER  FUEL,82.25,56.5799,1/29/2024,22.9196,4541.1197
SO0058722-2,SO0058722,2,5/31/2023,PASEIH,9861,SPRAYS,2023,YPT056751,119,Do service needed,Unknown,Replace Eng. OIL and filter.  30 qt 10w40Replace fuel filter BLEED fuel system Check engine. AIR FILTER. THEY looked OK. Machine greased. Ing. Coolant good down to -35 degrees. Check tire pressure.  set to 63 PSI. Fill up hydr. OIL tank with HV 46 8 qt. from stock,Bent - Boom,"Left Boom Strut Pin - Replaced, Left Boom Strut - Installed",SO0058722,2,Not Specified,30,PASE,244449073     AGRO,OIL,199.5,101.1,1/29/2024,22.9196,4541.1197
SO0058725-1,SO0058725,1,5/31/2023,PASEIH,9861,SPRAYS,2023,YPT056751,119,Do service needed,Unknown,Replace Eng. OIL and filter.  30 qt 10w40Replace fuel filter BLEED fuel system Check engine. AIR FILTER. THEY looked OK. Machine greased. Ing. Coolant good down to -35 degrees. Check tire pressure.  set to 63 PSI. Fill up hydr. OIL tank with HV 46 8 qt. from stock,Not Folding - Boom,"Spring Bundle - Removed, Spring Bundle - Installed, Spring Bundle - Realigned",SO0058725,1,Not Specified,1,PASE,244441041     AGRO,WASHER,1.1,0.7199,1/29/2024,22.9196,4541.1197
SO0058725-2,SO0058725,2,5/31/2023,PASEIH,9861,SPRAYS,2023,YPT056751,119,Do service needed,Unknown,Replace Eng. OIL and filter.  30 qt 10w40Replace fuel filter BLEED fuel system Check engine. AIR FILTER. THEY looked OK. Machine greased. Ing. Coolant good down to -35 degrees. Check tire pressure.  set to 63 PSI. Fill up hydr. OIL tank with HV 46 8 qt. from stock,Not Mentioned - Tire,No Component Mentioned - No Component Mentioned,SO0058725,2,Not Specified,1,PASE,244441042     AGRO,NUT  LOCK,3.1,1.4199,1/29/2024,22.9196,4541.1197
SO0058725-3,SO0058725,3,6/1/2023,PASEIH,9861,SPRAYS,,YPT056989,0,INSTALL BOOM RECIRCULATION KIT AND PDI,Unknown,MACHINE FLUID LEVELS CHECKED. PLANETARY MOTORS FILLED WITH OIL. CATWALK GLAMOR PANEL REMOVED AND RE-ASSEMBLED. LIGHTS FUNCTION CHECKED. DRIVE TO TEST HYDROMOTOR OPERATION AND TEMPERATURE CHANGE. GUIDE COMPONENTS INSTALLED AND CALIBRATED. INSTALLED 5 WAY NOZZLE,Not Installed - Mudflap,No Component Mentioned - No Component Mentioned,SO0058725,3,Not Specified,0,PASE,244249971     AGRO,MODULE,0,0,6/20/2023,86.5891,5500.4399
SO0058725-5,SO0058725,5,6/5/2023,PASEIH,9861,SPRAYS,,YPT056717,157.8,Fencerow nozzle leaking,Unknown,SCREW FALLED OUT OF THE FENCE. ROW NOZZLE PARTS LOST IN THE FIELD. MAINTENANCE TARGET 14 MILES. REMOVE AND REPLACE FENCE ROW NOZZLE BODY. RUNNING TEST.,Not Mentioned - Not Mentioned,No Component Mentioned - No Component Mentioned,SO0058725,5,Not Specified,0,PASE,244245847     AGRO,SENSOR,0,0,6/28/2023,0.9,162.95
SO0058727-1,SO0058727,1,6/5/2023,PASEIH,9861,SPRAYS,,YPT056717,157.8,Fencerow nozzle leaking,Unknown,SCREW FALLED OUT OF THE FENCE. ROW NOZZLE PARTS LOST IN THE FIELD. MAINTENANCE TARGET 14 MILES. REMOVE AND REPLACE FENCE ROW NOZZLE BODY. RUNNING TEST.,Not Mentioned - Not Mentioned,Nozzle - Added,SO0058727,1,Not Specified,1,PASE,Z19955     AGRO,NOZZLE,7.02,5.85,6/28/2023,0.9,162.95
SO0058727-12,SO0058727,12,6/19/2023,PASEIH,9861,SPRAYS,2023,YPT056934,0,BOOM FOLD UNEVEN AND HITTING CRADLE,SENSORS OUT OF RANGE,Kevin Hammer from CNH was here to go over the machine's PDI. He was here to help diagnose the problem of the outriggers touching the top of the cradle when folded and deploying unevenly. The technician checked each of the 6 sensors and found them all to be out of range. Tec,Fraying - Strap,Limit Strap - Replaced,SO0058727,12,"5 hours accounted for as generic codes. Should be able to get another 4+ hours for the hooking up EST, programing software, programing sensors, and running calibrations.",0,PK SYSTEMS,244441047     AGRO,1/2 COUPLER,0,0,7/29/2023,3.8999,729.3
SO0058727-12,SO0058727,12,6/19/2023,PASEIH,9861,SPRAYS,2023,YPT056934,0,BOOM FOLD UNEVEN AND HITTING CRADLE,SENSORS OUT OF RANGE,Kevin Hammer from CNH was here to go over the machine's PDI. He was here to help diagnose the problem of the outriggers touching the top of the cradle when folded and deploying unevenly. The technician checked each of the 6 sensors and found them all to be out of range. Tec,Fraying - Strap,Limit Strap - Replaced,SO0058727,12,"5 hours accounted for as generic codes. Should be able to get another 4+ hours for the hooking up EST, programing software, programing sensors, and running calibrations.",0,PK SYSTEMS,4452558     PASTEL,1/2 COUPLER,0,0,7/29/2023,3.8999,729.3
SO0058727-15,SO0058727,15,6/19/2023,PASEIH,9861,SPRAYS,2023,YPT056934,0,BOOM FOLD UNEVEN AND HITTING CRADLE,SENSORS OUT OF RANGE,Kevin Hammer from CNH was here to go over the machine's PDI. He was here to help diagnose the problem of the outriggers touching the top of the cradle when folded and deploying unevenly. The technician checked each of the 6 sensors and found them all to be out of range. Tec,"Stuck - Auger, Inoperative - Auger","Air Cylinder - Replaced, Fitting - Installed, Clevis Kit - Installed",SO0058727,15,"5 hours accounted for as generic codes. Should be able to get another 4+ hours for the hooking up EST, programing software, programing sensors, and running calibrations.",0,PASE,244245842     AGRO,BAR,0,0,7/29/2023,3.8999,729.3
SO0058727-2,SO0058727,2,6/5/2023,PASEIH,9861,SPRAYS,,YPT056717,157.8,CUSTOMER IS GETTING FAULT. CODE: F  35431.,LUBRICANT USED ON O-RING HAD DRIP DOWN CONTAMINATING SENSOR. INSTALL NEW SENSOR.,"REMOVE THE IMPACT HUMIDITY SENSOR. LUBRICANT USED ON O-RING DROPPED DOWN AND CONTAMINATED SENSOR. INSTALL NEW SENSOR. RUN TEST MACHINE, CHECK FUNCTION.",Leak - Fitting,"Air Fitting - Replaced, Y Fitting - Installed, Air Hose - Retightened",SO0058727,2,SERVICE CALL 40 MILES TWO TRIPS,1,PASE,Y242011     AGRO,SENSOR,174.72,145.5999,7/14/2023,0.9999,347.97
SO0058727-3,SO0058727,3,6/5/2023,PASEIH,9861,SPRAYS,,YPT056717,157.8,CUSTOMER IS GETTING FAULT. CODE: F  35431.,LUBRICANT USED ON O-RING HAD DRIP DOWN CONTAMINATING SENSOR. INSTALL NEW SENSOR.,"REMOVE THE IMPACT HUMIDITY SENSOR. LUBRICANT USED ON O-RING DROPPED DOWN AND CONTAMINATED SENSOR. INSTALL NEW SENSOR. RUN TEST MACHINE, CHECK FUNCTION.","Leak - Seal, Dirty - No Component Mentioned","No Component Mentioned - Replaced, No Component Mentioned - Drained",SO0058727,3,SERVICE CALL 40 MILES TWO TRIPS,0,PASE,Y242517     AGRO,NOZZLE,0,0,7/14/2023,0.9999,347.97
SO0058727-4,SO0058727,4,6/7/2023,PASEIH,9861,SPRAYS,,YPT056896,0,Set up unit and PDI,Unknown,An inspection was carried out before delivery. The setup process is not complete because a wiring harness had a defective connector. The PDI will be completed for another service order to be determined.,"Broken - Sensor, Dangling - Wire","Sensor - Installed, Wire - Cut",SO0058727,4,Not Specified,0,PASE,352824     AGRO,HARNESS  WIRE,0,0,6/30/2023,29.8298,5001.4498
SO0058727-5,SO0058727,5,6/9/2023,PASEIH,9861,SPRAYS,,YPT056185,104,AUTO BOOM WON'T WORK,FAULTY AUTOBOOM SENSORAUTOBOOM NODE SOFTWARE,"TOTAL MILES: 163 KM OUT: 17263 KM IN: 17426 LOCATION: 1701 US HWY 14 W HURON, SD TO 43.76885, -98.97190 DRIVE TO CUSTOMER LOCATION CAR BOOM SENSORS INSPECTED ON EACH BOOM. KEY TURNED ON AND LOOKING FOR POWERUP.RIGHT SENSOR DOES NOT LIGHT UP","Dirty - Cab, Dirty - Cab","Cab Filter - Replaced, Cab Filter Housing - Cleaned, Filter - Tested, Filter - Cleaned",SO0058727,5,Not Specified,1,PASE,244202445     AGRO,SENSOR,1048.13,669.46,9/12/2023,6.52,2649.6
SO0058727-6,SO0058727,6,6/9/2023,PASEIH,9861,SPRAYS,,YPT056185,22,PRODUCT LEAK UNDER PRODUCT TANK.,BAD GASKET SEAL AND DAMAGED CLAMPS.,Tried tightening the clamps to see if they were loose. The clamps could not be tightened O-RING,Not Sealed - Door,Door Seal - Replaced,SO0058727,6,Not Specified,2,PASE,244247440     AGRO,CLAMP,20,14.1,9/12/2023,2.9999,538.98
SO0058727-7,SO0058727,7,6/9/2023,PASEIH,9861,SPRAYS,,YPT056185,22,PRODUCT LEAK UNDER PRODUCT TANK.,BAD GASKET SEAL AND DAMAGED CLAMPS.,Tried tightening the clamps to see if they were loose. The clamps could not be tightened O-RING,Leak - Steering,Right Steering Cylinder - Removed,SO0058727,7,Not Specified,2,PASE,244247445     AGRO,GASKET,7.1,3.18,9/12/2023,2.9999,538.98
SO0058727-8,SO0058727,8,6/19/2023,PASEIH,9861,SPRAYS,,YPT056989,13.35,DEF ERROR CODES,INTERNAL ISSUE IN SUPPLY MODULE,"I went into the field, connected EST and found error codes 5435.05, 6819.31, 5246.00 and 5246.15. I cleared the codes and reset the counter. I drove the sprayer down the road and the 5435.05 came back. I ENTERED THD CASE 107932568. I CHECKED THE WIRING HARNESS",Leak - Fan,"Right Fan Motor - Replaced, Fan - Installed, Hub - Installed, Upper Fan Housing - Installed, Sensor Cage - Installed",SO0058727,8,Not Specified,1,PASE,GR1     PASTEL,MODULE,1100,715,6/23/2023,6.3499,2145.2099
SO0058738-1,SO0058738,1,6/19/2023,PASEIH,9861,SPRAYS,2023,YPT056934,0,BOOM FOLD UNEVEN AND HITTING CRADLE,SENSORS OUT OF RANGE,Kevin Hammer from CNH was here to go over the machine's PDI. He was here to help diagnose the problem of the outriggers touching the top of the cradle when folded and deploying unevenly. The technician checked each of the 6 sensors and found them all to be out of range. Tec,Worn - Brake,"Air Hose - Rebuilt, Hose - Reinstalled, Hose - Rerouted",SO0058738,1,"5 hours accounted for as generic codes. Should be able to get another 4+ hours for the hooking up EST, programing software, programing sensors, and running calibrations.",0,PASE,84044979     PASE,FITTING,0,0,7/29/2023,3.8999,729.3
SO0058744-1,SO0058744,1,6/19/2023,PASEIH,9861,SPRAYS,2023,YPT056934,0,BOOM FOLD UNEVEN AND HITTING CRADLE,SENSORS OUT OF RANGE,Kevin Hammer from CNH was here to go over the machine's PDI. He was here to help diagnose the problem of the outriggers touching the top of the cradle when folded and deploying unevenly. The technician checked each of the 6 sensors and found them all to be out of range. Tec,Not Mentioned - Wire,"Mirror Wire Plug - Reconnected, Mirror - Tested",SO0058744,1,"5 hours accounted for as generic codes. Should be able to get another 4+ hours for the hooking up EST, programing software, programing sensors, and running calibrations.",0,PASE,BN73149     PASE,SEAL  RING,0,0,7/29/2023,3.8999,729.3
SO0058744-2,SO0058744,2,6/19/2023,PASEIH,9861,SPRAYS,2023,YPT056934,0,BOOM FOLD UNEVEN AND HITTING CRADLE,SENSORS OUT OF RANGE,Kevin Hammer from CNH was here to go over the machine's PDI. He was here to help diagnose the problem of the outriggers touching the top of the cradle when folded and deploying unevenly. The technician checked each of the 6 sensors and found them all to be out of range. Tec,Not Mentioned - Not Mentioned,No Component Mentioned - No Component Mentioned,SO0058744,2,"5 hours accounted for as generic codes. Should be able to get another 4+ hours for the hooking up EST, programing software, programing sensors, and running calibrations.",0,PASE,14755449     PASE,REDUCER,0,0,7/29/2023,3.8999,729.3
SO0058744-3,SO0058744,3,6/19/2023,PASEIH,9861,SPRAYS,2023,YPT056934,0,BOOM FOLD UNEVEN AND HITTING CRADLE,SENSORS OUT OF RANGE,Kevin Hammer from CNH was here to go over the machine's PDI. He was here to help diagnose the problem of the outriggers touching the top of the cradle when folded and deploying unevenly. The technician checked each of the 6 sensors and found them all to be out of range. Tec,Not Mentioned - Not Mentioned,"Ladder Bed - Installed, Light - Installed, Shield - Installed",SO0058744,3,"5 hours accounted for as generic codes. Should be able to get another 4+ hours for the hooking up EST, programing software, programing sensors, and running calibrations.",0,PK SYSTEMS,32517102     PASE,1/4 PIPE CL/NIP,0,0,7/29/2023,3.8999,729.3
SO0058744-4,SO0058744,4,6/19/2023,PASEIH,9861,SPRAYS,2023,YPT056934,0,INSTALL SIDE CAMERA KIT .     THE BOXES WITH CAMERAS SMASHED. TAKING PICTURES.INSTALL  INSTALL SPRAY TIPS MR 110 08INSTALL BOOM RECULATION KITINSTALL DIFFERENT TIRES. SET UP AND PDI MACHINE,Unknown,"INSTALLS CAMERAS AND CHECKS OPERATION. START WITH THE BOOM RETURN KIT. INSTALLS 2 4"" EXTENSIONS FOR THE VALVES TO BE INSTALLED FROM THE SUPPORT BRACKETS. INSTALLED 1 4 EXTENSION BETWEEN INDUCTOR AND CHECK VALVE FOR BOOM RECIRCULATION. 1 BALL VALVE INSTALLED TO PREVENT PRODU",Not Installed - Manifold,"Hose - Realigned, Manifold Mount - Installed, Extension Harness - Installed",SO0058744,4,PDI/SET UP $7000RECIRC KIT $5100TIRE SWAP LABOR $730TIPS TO GET PUT ON PDI PER EMAIL $252.10,1,PK SYSTEMS,32517101     PASE,CLAMP,7.95,3.25,7/27/2023,70.2094,9478.0496
SO0058744-6,SO0058744,6,6/19/2023,PASEIH,9861,SPRAYS,2023,YPT056934,0,INSTALL SIDE CAMERA KIT .     THE BOXES WITH CAMERAS SMASHED. TAKING PICTURES.INSTALL  INSTALL SPRAY TIPS MR 110 08INSTALL BOOM RECULATION KITINSTALL DIFFERENT TIRES. SET UP AND PDI MACHINE,Unknown,"INSTALLS CAMERAS AND CHECKS OPERATION. START WITH THE BOOM RETURN KIT. INSTALLS 2 4"" EXTENSIONS FOR THE VALVES TO BE INSTALLED FROM THE SUPPORT BRACKETS. INSTALLED 1 4 EXTENSION BETWEEN INDUCTOR AND CHECK VALVE FOR BOOM RECIRCULATION. 1 BALL VALVE INSTALLED TO PREVENT PRODU",Not Mentioned - VSN,"VSN System - Installed, Harness - Retightened",SO0058744,6,PDI/SET UP $7000RECIRC KIT $5100TIRE SWAP LABOR $730TIPS TO GET PUT ON PDI PER EMAIL $252.10,1,PICK,32972575     PASE,"""FLANGE VALVE 1""""""",41.24,15.28,7/27/2023,70.2094,9478.0496
SO0058745-1,SO0058745,1,6/19/2023,PASEIH,9861,SPRAYS,2023,YPT056934,0,INSTALL SIDE CAMERA KIT .     THE BOXES WITH CAMERAS SMASHED. TAKING PICTURES.INSTALL  INSTALL SPRAY TIPS MR 110 08INSTALL BOOM RECULATION KITINSTALL DIFFERENT TIRES. SET UP AND PDI MACHINE,Unknown,"INSTALLS CAMERAS AND CHECKS OPERATION. START WITH THE BOOM RETURN KIT. INSTALLS 2 4"" EXTENSIONS FOR THE VALVES TO BE INSTALLED FROM THE SUPPORT BRACKETS. INSTALLED 1 4 EXTENSION BETWEEN INDUCTOR AND CHECK VALVE FOR BOOM RECIRCULATION. 1 BALL VALVE INSTALLED TO PREVENT PRODU",Not Mentioned - Not Mentioned,Pole - Installed,SO0058745,1,PDI/SET UP $7000RECIRC KIT $5100TIRE SWAP LABOR $730TIPS TO GET PUT ON PDI PER EMAIL $252.10,75,PASE,84539337     PASE,SPRAY,727.5,500.25,7/27/2023,70.2094,9478.0496
SO0058745-2,SO0058745,2,6/19/2023,PASEIH,9861,SPRAYS,2023,YPT056934,0,INSTALL SIDE CAMERA KIT .     THE BOXES WITH CAMERAS SMASHED. TAKING PICTURES.INSTALL  INSTALL SPRAY TIPS MR 110 08INSTALL BOOM RECULATION KITINSTALL DIFFERENT TIRES. SET UP AND PDI MACHINE,Unknown,"INSTALLS CAMERAS AND CHECKS OPERATION. START WITH THE BOOM RETURN KIT. INSTALLS 2 4"" EXTENSIONS FOR THE VALVES TO BE INSTALLED FROM THE SUPPORT BRACKETS. INSTALLED 1 4 EXTENSION BETWEEN INDUCTOR AND CHECK VALVE FOR BOOM RECIRCULATION. 1 BALL VALVE INSTALLED TO PREVENT PRODU",Faulty - Engine,"Hub - Installed, Fan Belt - Installed, Fan - Reinstalled",SO0058745,2,PDI/SET UP $7000RECIRC KIT $5100TIRE SWAP LABOR $730TIPS TO GET PUT ON PDI PER EMAIL $252.10,2,PASE,041228A4     PASE,GASKET,1.96,1.25,7/27/2023,70.2094,9478.0496
SO0058755-1,SO0058755,1,6/19/2023,PASEIH,9861,SPRAYS,2023,YPT056934,0,INSTALL SIDE CAMERA KIT .     THE BOXES WITH CAMERAS SMASHED. TAKING PICTURES.INSTALL  INSTALL SPRAY TIPS MR 110 08INSTALL BOOM RECULATION KITINSTALL DIFFERENT TIRES. SET UP AND PDI MACHINE,Unknown,"INSTALLS CAMERAS AND CHECKS OPERATION. START WITH THE BOOM RETURN KIT. INSTALLS 2 4"" EXTENSIONS FOR THE VALVES TO BE INSTALLED FROM THE SUPPORT BRACKETS. INSTALLED 1 4 EXTENSION BETWEEN INDUCTOR AND CHECK VALVE FOR BOOM RECIRCULATION. 1 BALL VALVE INSTALLED TO PREVENT PRODU",Oil Leak - Fan,"Fan Motor - Replaced, Fan Motor - Installed, Fan Housing - Reinstalled",SO0058755,1,PDI/SET UP $7000RECIRC KIT $5100TIRE SWAP LABOR $730TIPS TO GET PUT ON PDI PER EMAIL $252.10,0,PASE,30049470     PASE,FITTING,0,0,7/27/2023,70.2094,9478.0496
SO0058758-3,SO0058758,3,6/19/2023,PASEIH,9861,SPRAYS,2023,YPT056934,0,INSTALL SIDE CAMERA KIT .     THE BOXES WITH CAMERAS SMASHED. TAKING PICTURES.INSTALL  INSTALL SPRAY TIPS MR 110 08INSTALL BOOM RECULATION KITINSTALL DIFFERENT TIRES. SET UP AND PDI MACHINE,Unknown,"INSTALLS CAMERAS AND CHECKS OPERATION. START WITH THE BOOM RETURN KIT. INSTALLS 2 4"" EXTENSIONS FOR THE VALVES TO BE INSTALLED FROM THE SUPPORT BRACKETS. INSTALLED 1 4 EXTENSION BETWEEN INDUCTOR AND CHECK VALVE FOR BOOM RECIRCULATION. 1 BALL VALVE INSTALLED TO PREVENT PRODU",Not Engaged - PTO,PTO Shaft - Replaced,SO0058758,3,PDI/SET UP $7000RECIRC KIT $5100TIRE SWAP LABOR $730TIPS TO GET PUT ON PDI PER EMAIL $252.10,1,PASE,984042     PLEGMAN,FITTING,8,4.86,7/27/2023,70.2094,9478.0496
SO0058758-4,SO0058758,4,6/19/2023,PASEIH,9861,SPRAYS,2023,YPT056934,0,INSTALL SIDE CAMERA KIT .     THE BOXES WITH CAMERAS SMASHED. TAKING PICTURES.INSTALL  INSTALL SPRAY TIPS MR 110 08INSTALL BOOM RECULATION KITINSTALL DIFFERENT TIRES. SET UP AND PDI MACHINE,Unknown,"INSTALLS CAMERAS AND CHECKS OPERATION. START WITH THE BOOM RETURN KIT. INSTALLS 2 4"" EXTENSIONS FOR THE VALVES TO BE INSTALLED FROM THE SUPPORT BRACKETS. INSTALLED 1 4 EXTENSION BETWEEN INDUCTOR AND CHECK VALVE FOR BOOM RECIRCULATION. 1 BALL VALVE INSTALLED TO PREVENT PRODU",Not Mentioned - Rod,Tie Rod - Replaced,SO0058758,4,PDI/SET UP $7000RECIRC KIT $5100TIRE SWAP LABOR $730TIPS TO GET PUT ON PDI PER EMAIL $252.10,0,PASE,2333241     PASE,REGULATOR,0,0,7/27/2023,70.2094,9478.0496
SO0058762-1,SO0058762,1,6/19/2023,PASEIH,9861,SPRAYS,2023,YPT056934,0,INSTALL SIDE CAMERA KIT .     THE BOXES WITH CAMERAS SMASHED. TAKING PICTURES.INSTALL  INSTALL SPRAY TIPS MR 110 08INSTALL BOOM RECULATION KITINSTALL DIFFERENT TIRES. SET UP AND PDI MACHINE,Unknown,"INSTALLS CAMERAS AND CHECKS OPERATION. START WITH THE BOOM RETURN KIT. INSTALLS 2 4"" EXTENSIONS FOR THE VALVES TO BE INSTALLED FROM THE SUPPORT BRACKETS. INSTALLED 1 4 EXTENSION BETWEEN INDUCTOR AND CHECK VALVE FOR BOOM RECIRCULATION. 1 BALL VALVE INSTALLED TO PREVENT PRODU",Not Mentioned - Frame,No Component Mentioned - No Component Mentioned,SO0058762,1,PDI/SET UP $7000RECIRC KIT $5100TIRE SWAP LABOR $730TIPS TO GET PUT ON PDI PER EMAIL $252.10,0,PASE,90     PTM,GAUGE,0,0,7/27/2023,70.2094,9478.0496
SO0058763-1,SO0058763,1,6/19/2023,PASEIH,9861,SPRAYS,2023,YPT056934,0,INSTALL SIDE CAMERA KIT .     THE BOXES WITH CAMERAS SMASHED. TAKING PICTURES.INSTALL  INSTALL SPRAY TIPS MR 110 08INSTALL BOOM RECULATION KITINSTALL DIFFERENT TIRES. SET UP AND PDI MACHINE,Unknown,"INSTALLS CAMERAS AND CHECKS OPERATION. START WITH THE BOOM RETURN KIT. INSTALLS 2 4"" EXTENSIONS FOR THE VALVES TO BE INSTALLED FROM THE SUPPORT BRACKETS. INSTALLED 1 4 EXTENSION BETWEEN INDUCTOR AND CHECK VALVE FOR BOOM RECIRCULATION. 1 BALL VALVE INSTALLED TO PREVENT PRODU","Faulty - Intake, Error Code - No Component Mentioned, Error Code - No Component Mentioned",No Component Mentioned - No Component Mentioned,SO0058763,1,PDI/SET UP $7000RECIRC KIT $5100TIRE SWAP LABOR $730TIPS TO GET PUT ON PDI PER EMAIL $252.10,2,PASE,044149A4     PASE,SEAL  RING,4.7999,2.4199,7/27/2023,70.2094,9478.0496
SO0058767-17,SO0058767,17,6/19/2023,PASEIH,9861,SPRAYS,2023,YPT056934,0,INSTALL SIDE CAMERA KIT .     THE BOXES WITH CAMERAS SMASHED. TAKING PICTURES.INSTALL  INSTALL SPRAY TIPS MR 110 08INSTALL BOOM RECULATION KITINSTALL DIFFERENT TIRES. SET UP AND PDI MACHINE,Unknown,"INSTALLS CAMERAS AND CHECKS OPERATION. START WITH THE BOOM RETURN KIT. INSTALLS 2 4"" EXTENSIONS FOR THE VALVES TO BE INSTALLED FROM THE SUPPORT BRACKETS. INSTALLED 1 4 EXTENSION BETWEEN INDUCTOR AND CHECK VALVE FOR BOOM RECIRCULATION. 1 BALL VALVE INSTALLED TO PREVENT PRODU",Faulty - Fan,"Engine - Realigned, Jam Nut - Reset",SO0058767,17,PDI/SET UP $7000RECIRC KIT $5100TIRE SWAP LABOR $730TIPS TO GET PUT ON PDI PER EMAIL $252.10,2,PASE,M944TEE     PKSYST,PIN,17.58,10.48,7/27/2023,70.2094,9478.0496
SO0058773-1,SO0058773,1,6/19/2023,PASEIH,9861,SPRAYS,2023,YPT056934,0,INSTALL SIDE CAMERA KIT .     THE BOXES WITH CAMERAS SMASHED. TAKING PICTURES.INSTALL  INSTALL SPRAY TIPS MR 110 08INSTALL BOOM RECULATION KITINSTALL DIFFERENT TIRES. SET UP AND PDI MACHINE,Unknown,"INSTALLS CAMERAS AND CHECKS OPERATION. START WITH THE BOOM RETURN KIT. INSTALLS 2 4"" EXTENSIONS FOR THE VALVES TO BE INSTALLED FROM THE SUPPORT BRACKETS. INSTALLED 1 4 EXTENSION BETWEEN INDUCTOR AND CHECK VALVE FOR BOOM RECIRCULATION. 1 BALL VALVE INSTALLED TO PREVENT PRODU",Leak - Steering,Steering Hose - Replaced,SO0058773,1,PDI/SET UP $7000RECIRC KIT $5100TIRE SWAP LABOR $730TIPS TO GET PUT ON PDI PER EMAIL $252.10,3,PK SYSTEMS,M944CPG84     PKSYST,2X2 FLANGE CPG,18.75,14.25,7/27/2023,70.2094,9478.0496
SO0058773-2,SO0058773,2,6/19/2023,PASEIH,9861,SPRAYS,2023,YPT056934,0,INSTALL SIDE CAMERA KIT .     THE BOXES WITH CAMERAS SMASHED. TAKING PICTURES.INSTALL  INSTALL SPRAY TIPS MR 110 08INSTALL BOOM RECULATION KITINSTALL DIFFERENT TIRES. SET UP AND PDI MACHINE,Unknown,"INSTALLS CAMERAS AND CHECKS OPERATION. START WITH THE BOOM RETURN KIT. INSTALLS 2 4"" EXTENSIONS FOR THE VALVES TO BE INSTALLED FROM THE SUPPORT BRACKETS. INSTALLED 1 4 EXTENSION BETWEEN INDUCTOR AND CHECK VALVE FOR BOOM RECIRCULATION. 1 BALL VALVE INSTALLED TO PREVENT PRODU","Leak - No Component Mentioned, Missed - Sprayer, Missed - O Ring","No Component Mentioned - Repaired, Sprayer - Replaced, O Ring - Replaced",SO0058773,2,PDI/SET UP $7000RECIRC KIT $5100TIRE SWAP LABOR $730TIPS TO GET PUT ON PDI PER EMAIL $252.10,2,PK SYSTEMS,M944CPG01     PKSYST,1/2 COUPLER,9.24,6.46,7/27/2023,70.2094,9478.0496
SO0058774-3,SO0058774,3,6/19/2023,PASEIH,9861,SPRAYS,2023,YPT056934,0,INSTALL SIDE CAMERA KIT .     THE BOXES WITH CAMERAS SMASHED. TAKING PICTURES.INSTALL  INSTALL SPRAY TIPS MR 110 08INSTALL BOOM RECULATION KITINSTALL DIFFERENT TIRES. SET UP AND PDI MACHINE,Unknown,"INSTALLS CAMERAS AND CHECKS OPERATION. START WITH THE BOOM RETURN KIT. INSTALLS 2 4"" EXTENSIONS FOR THE VALVES TO BE INSTALLED FROM THE SUPPORT BRACKETS. INSTALLED 1 4 EXTENSION BETWEEN INDUCTOR AND CHECK VALVE FOR BOOM RECIRCULATION. 1 BALL VALVE INSTALLED TO PREVENT PRODU",Broken - Boom,"Rod - Installed, Rear Roll Pin - Installed",SO0058774,3,PDI/SET UP $7000RECIRC KIT $5100TIRE SWAP LABOR $730TIPS TO GET PUT ON PDI PER EMAIL $252.10,2,PK SYSTEMS,M944491BRB84     PKSYST,1/4 PIPE CL/NIP,4.6,3.24,7/27/2023,70.2094,9478.0496
SO0058774-5,SO0058774,5,6/19/2023,PASEIH,9861,SPRAYS,2023,YPT056934,0,INSTALL SIDE CAMERA KIT .     THE BOXES WITH CAMERAS SMASHED. TAKING PICTURES.INSTALL  INSTALL SPRAY TIPS MR 110 08INSTALL BOOM RECULATION KITINSTALL DIFFERENT TIRES. SET UP AND PDI MACHINE,Unknown,"INSTALLS CAMERAS AND CHECKS OPERATION. START WITH THE BOOM RETURN KIT. INSTALLS 2 4"" EXTENSIONS FOR THE VALVES TO BE INSTALLED FROM THE SUPPORT BRACKETS. INSTALLED 1 4 EXTENSION BETWEEN INDUCTOR AND CHECK VALVE FOR BOOM RECIRCULATION. 1 BALL VALVE INSTALLED TO PREVENT PRODU",Not Mentioned - Not Mentioned,DEF - Added,SO0058774,5,PDI/SET UP $7000RECIRC KIT $5100TIRE SWAP LABOR $730TIPS TO GET PUT ON PDI PER EMAIL $252.10,2,PASE,3489497     PASE,REDUCER,18.1,9.74,7/27/2023,70.2094,9478.0496
SO0058774-6,SO0058774,6,6/19/2023,PASEIH,9861,SPRAYS,2023,YPT056934,0,When using boom purge system. With a boom recirculation kit installed. It is causing boom leaks,AIR PRESSURE IS TO HIGH,WHEN TESTING THE BOOM FLUSH AFTER INSTALLING THE BOOM RECIRCULATION KIT. Leaks appeared. It took two hours to check the booms and make sure the leaks weren't coming from fittings or O-rings. The hoses were checked to ensure there were no pin holes. It took two hours,Not Mentioned - Not Mentioned,"Machine - Performed, Inductor - Reconnected",SO0058774,6,Not Specified,2,PASE,84005525     PASE,FITTING,9.1799,8.4199,7/27/2023,5.0797,1020.1999
SO0058774-8,SO0058774,8,6/19/2023,PASEIH,9861,SPRAYS,2023,YPT056934,0,When using boom purge system. With a boom recirculation kit installed. It is causing boom leaks,AIR PRESSURE IS TO HIGH,WHEN TESTING THE BOOM FLUSH AFTER INSTALLING THE BOOM RECIRCULATION KIT. Leaks appeared. It took two hours to check the booms and make sure the leaks weren't coming from fittings or O-rings. The hoses were checked to ensure there were no pin holes. It took two hours,"Error Code - NCV, Not Spraying - Nozzle",No Component Mentioned - No Component Mentioned,SO0058774,8,Not Specified,1,PASE,84018023     PASE,REGULATOR,33.91,31.1099,7/27/2023,5.0797,1020.1999
SO0058774-9,SO0058774,9,6/19/2023,PASEIH,9861,SPRAYS,2023,YPT056934,0,When using boom purge system. With a boom recirculation kit installed. It is causing boom leaks,AIR PRESSURE IS TO HIGH,WHEN TESTING THE BOOM FLUSH AFTER INSTALLING THE BOOM RECIRCULATION KIT. Leaks appeared. It took two hours to check the booms and make sure the leaks weren't coming from fittings or O-rings. The hoses were checked to ensure there were no pin holes. It took two hours,Not Mentioned - Not Mentioned,No Component Mentioned - Cleaned,SO0058774,9,Not Specified,1,PASE,2234872     PASE,GAUGE,27.15,24.91,7/27/2023,5.0797,1020.1999
SO0058775-3,SO0058775,3,6/28/2023,PONDE,9861,TRACT2,,RWSG016028860,6958,SERVICE,Unknown,I went to the yard and found the machine. I started it and drove to the workshop to service the machine. I drained the oil and pulled off the oil filter. Will it drip? I went back to the hydraulic and transmission filters and pulled them off. I,Not Mentioned - Not Mentioned,Decal - Replaced,SO0058775,3,Not Specified,1,PASE,HF7493     PASE,AIR FILTER,72.37,30.16,7/17/2023,7.0197,1604.8298
SO0058775-4,SO0058775,4,6/28/2023,PONDE,9861,TRACT2,,RWSG016028860,6958,SERVICE,Unknown,I went to the yard and found the machine. I started it and drove to the workshop to service the machine. I drained the oil and pulled off the oil filter. Will it drip? I went back to the hydraulic and transmission filters and pulled them off. I,Leak - Axle,"Seal - Replaced, Ring - Replaced, Tire - Removed, Tie Rod - Removed, Axle - Reassembled",SO0058775,4,Not Specified,1,PASE,B450A54     OIL,FILTER  ENGINE OIL,33.39,14.46,7/17/2023,7.0197,1604.8298
SO0058775-5,SO0058775,5,6/28/2023,PONDE,9861,TRACT2,,RWSG016028860,6958,SERVICE,Unknown,I went to the yard and found the machine. I started it and drove to the workshop to service the machine. I drained the oil and pulled off the oil filter. Will it drip? I went back to the hydraulic and transmission filters and pulled them off. I,Air Leak - Air Bag,"Mount Bolt - Removed, Air Bag - Replaced",SO0058775,5,Not Specified,1,PASE,84251259     PASE,AIR FILTER,78.09,33.4399,7/17/2023,7.0197,1604.8298
SO0058775-7,SO0058775,7,6/28/2023,PONDE,9861,TRACT2,,RWSG016028860,6958,SERVICE,Unknown,I went to the yard and found the machine. I started it and drove to the workshop to service the machine. I drained the oil and pulled off the oil filter. Will it drip? I went back to the hydraulic and transmission filters and pulled them off. I,"Not Installed - Tool Box, Not Installed - Hose","Tool Box - Installed, Hose Reel - Installed, Hose Reel - Retightened, Air Hose - Ran, Fitting - Installed",SO0058775,7,Not Specified,2,PASE,HDWOZ     EMPI,FILTER,138.0999,59.14,7/17/2023,7.0197,1604.8298
SO0058776-16,SO0058776,16,6/28/2023,PONDE,9861,TRACT2,,RWSG016028860,6958,SERVICE,Unknown,I went to the yard and found the machine. I started it and drove to the workshop to service the machine. I drained the oil and pulled off the oil filter. Will it drip? I went back to the hydraulic and transmission filters and pulled them off. I,Not Mentioned - No Component Mentioned,Support Bracket - Installed,SO0058776,16,Not Specified,1,PASE,944G     PICK,PANEL AIR FILTER,103.49,52.2,7/17/2023,7.0197,1604.8298
SO0058779-1,SO0058779,1,6/28/2023,PONDE,9861,TRACT2,,RWSG016028860,6958,SERVICE,Unknown,I went to the yard and found the machine. I started it and drove to the workshop to service the machine. I drained the oil and pulled off the oil filter. Will it drip? I went back to the hydraulic and transmission filters and pulled them off. I,Leak - Steering,No Component Mentioned - Replaced,SO0058779,1,Not Specified,1,PASE,73344234                     CASE,NO.1 15W40 5 GAL,104,79.98,7/17/2023,7.0197,1604.8298
SO0058783-1,SO0058783,1,7/6/2023,PASEIH,9861,SPRAYS,,YPT056896,0,#NAME?,Unknown,#NAME?,Intermittent - Conveyor,Sensor - Swapped,SO0058783,1,Part moved from SO0051009 when PDI'ing unit. Management wanted service order closed immediately.,1,PASE,91843362                     CASE,HARNESS  WIRE,1560,966.5099,2/22/2024,2.22,2286
SO0058794-1,SO0058794,1,7/6/2023,PASEIH,9861,SPRAYS,,YPT056896,221,#NAME?,Unknown,- Covers removed to access the latch. -Try adjusting the latch and striker but it wouldn't get any better. I even used a router to remove some metal to further adjust the striker without assistance. - Remove the latch and install a new latch. Adjust the new latch,Not Mentioned - Not Mentioned,No Component Mentioned - No Component Mentioned,SO0058794,1,"Unit sold on SO00053915 Segment 4, costed 08/03/59Customer installed and filed under CNH claim 505900957949",1,PASE,87758267                     CASE,LOCK,264.99,187.02,2/22/2024,9.58,264.99
SO0058794-3,SO0058794,3,7/12/2023,PASEIH,9861,SPRAYS,,YPT056717,301,Massive product leak under machine,TRANSDUCER WAS ONLY SCREWED IN A THREAD,"ANGLE CLOSURE FOUND FOR PUMP. The transducer was only screwed into one thread, which resulted in the elbow breaking and the thread being pulled out of the pump housing. Repair and re-cut threads in the pump housing. Install the pipe fitting until the new part arrives. SECOND TRIP REMOVE AND REPLACE ELB","Not Folding - Boom, Slow - Boom, Out of Range - Sensor","Sensor - Repaired, Boom Pin - Repaired",SO0058794,3,TWO TRIPS. 53 MILES TOTAL.,1,PASE,217-1028                     CASE,ELBOW,14.35,11.96,8/7/2023,2.74,605.3899
SO0058794-4,SO0058794,4,7/12/2023,PASEIH,9861,SPRAYS,,YPT056717,301,Massive product leak under machine,TRANSDUCER WAS ONLY SCREWED IN A THREAD,"ANGLE CLOSURE FOUND FOR PUMP. The transducer was only screwed into one thread, which resulted in the elbow breaking and the thread being pulled out of the pump housing. Repair and re-cut threads in the pump housing. Install the pipe fitting until the new part arrives. SECOND TRIP REMOVE AND REPLACE ELB",Missed - Housing,No Component Mentioned - No Component Mentioned,SO0058794,4,TWO TRIPS. 53 MILES TOTAL.,1,PASE,47995115                     CASE,TRANSDUCER,383.1399,319.28,8/7/2023,2.74,605.3899
SO0058796-1,SO0058796,1,7/13/2023,PASEIH,9861,SPRAYS,,YPT056896,35,Door flew open and broke the glass,faulty door latch,"The customer checked the latch setting and it was fine. It was discovered that the latch was defective. The customer purchased new glass from Heartland Ag in Grand Island, NE. The customer's invoice is attached. The customer carried out the repairs on the device. The door lock has finally arrived",Inoperative - Light,No Component Mentioned - No Component Mentioned,SO0058796,1,Not Specified,1,PASE,87758267                     CASE,LOCK,236.5999,182,9/8/2023,9.58,1336.5999
SO0058796-4,SO0058796,4,7/17/2023,PESSTo,9861,BALER,,b45501224,0,BROKEN PLUNGERCUSTOMER BROUGHTBALER BACK IN COMPLAINING THAT THE PLUNGER WAS HITTING,BEARINGS THAT HAD GONE OUT ON THE PLUNGERBEARINGS ON PLUNGER MOVED,"REMOVE PISTON. DISASSEMBLED, PLUNGER SENT TO CUSTOMER TO BE WELDED BACK TOGETHER",Leak - Hose,No Component Mentioned - No Component Mentioned,SO0058796,4,Not Specified,4,AGRO,700115420                    AGCO,SINGLE SLO,80.7999,60.6,8/11/2023,29.5295,5391.4692
SO0058796-5,SO0058796,5,7/17/2023,PESSTo,9861,BALER,,b45501224,0,BROKEN PLUNGERCUSTOMER BROUGHTBALER BACK IN COMPLAINING THAT THE PLUNGER WAS HITTING,BEARINGS THAT HAD GONE OUT ON THE PLUNGERBEARINGS ON PLUNGER MOVED,"REMOVE PISTON. DISASSEMBLED, PLUNGER SENT TO CUSTOMER TO BE WELDED BACK TOGETHER",Leak - Cylinder,"Line - Replaced, Line - Tested",SO0058796,5,Not Specified,8,AGRO,700115419                    AGCO,SINGLE SLO,35.0399,26.24,8/11/2023,29.5295,5391.4692
SO0058796-6,SO0058796,6,7/17/2023,PESSTo,9861,BALER,,b45501224,0,BROKEN PLUNGERCUSTOMER BROUGHTBALER BACK IN COMPLAINING THAT THE PLUNGER WAS HITTING,BEARINGS THAT HAD GONE OUT ON THE PLUNGERBEARINGS ON PLUNGER MOVED,"REMOVE PISTON. DISASSEMBLED, PLUNGER SENT TO CUSTOMER TO BE WELDED BACK TOGETHER",Rotted - Auger,"Bottom Bearing - Removed, Motor - Removed, Top Brace - Removed, Chain - Removed, Sprocket - Removed, Auger - Installed, Sprocket - Installed, Chain - Installed, Bearing - Installed, Motor - Installed",SO0058796,6,Not Specified,4,AGRO,700115418                    AGCO,SINGLE SLO,36.84,27.64,8/11/2023,29.5295,5391.4692
SO0058797-1,SO0058797,1,7/17/2023,PESSTo,9861,BALER,,b45501224,0,BROKEN PLUNGERCUSTOMER BROUGHTBALER BACK IN COMPLAINING THAT THE PLUNGER WAS HITTING,BEARINGS THAT HAD GONE OUT ON THE PLUNGERBEARINGS ON PLUNGER MOVED,"REMOVE PISTON. DISASSEMBLED, PLUNGER SENT TO CUSTOMER TO BE WELDED BACK TOGETHER","Not Mentioned - Fan, Not Mentioned - Bush","Fan Housing - Removed, No Component Mentioned - Cleaned, Fan - Installed, Hub - Installed, No Component Mentioned - Applied",SO0058797,1,Not Specified,4,AGRO,700108181                    AGCO,SHIM,98.64,74,8/11/2023,29.5295,5391.4692
SO0058803-11,SO0058803,11,7/17/2023,PESSTo,9861,BALER,,b45501224,0,BROKEN PLUNGERCUSTOMER BROUGHTBALER BACK IN COMPLAINING THAT THE PLUNGER WAS HITTING,BEARINGS THAT HAD GONE OUT ON THE PLUNGERBEARINGS ON PLUNGER MOVED,"REMOVE PISTON. DISASSEMBLED, PLUNGER SENT TO CUSTOMER TO BE WELDED BACK TOGETHER",Not Mentioned - Not Mentioned,"No Component Mentioned - Changed Oil, Filter - Replaced",SO0058803,11,Not Specified,4,AGRO,700108260                    AGCO,SHIM,55.56,41.68,8/11/2023,29.5295,5391.4692
SO0058805-1,SO0058805,1,7/17/2023,PESSTo,9861,BALER,,b45501224,0,BROKEN PLUNGERCUSTOMER BROUGHTBALER BACK IN COMPLAINING THAT THE PLUNGER WAS HITTING,BEARINGS THAT HAD GONE OUT ON THE PLUNGERBEARINGS ON PLUNGER MOVED,"REMOVE PISTON. DISASSEMBLED, PLUNGER SENT TO CUSTOMER TO BE WELDED BACK TOGETHER",Shattered - Door,Right Cab Glass - Installed,SO0058805,1,Not Specified,4,AGRO,700108263                    AGCO,SHIM,63.24,47.4399,8/11/2023,29.5295,5391.4692
SO0058807-3,SO0058807,3,7/17/2023,PESSTo,9861,BALER,,b45501224,0,BROKEN PLUNGERCUSTOMER BROUGHTBALER BACK IN COMPLAINING THAT THE PLUNGER WAS HITTING,BEARINGS THAT HAD GONE OUT ON THE PLUNGERBEARINGS ON PLUNGER MOVED,"REMOVE PISTON. DISASSEMBLED, PLUNGER SENT TO CUSTOMER TO BE WELDED BACK TOGETHER",Inoperative - XRT,XRT Harness - Installed,SO0058807,3,Not Specified,1,AGRO,700112357                    AGCO,WRAPPER,131.5699,98.68,8/11/2023,29.5295,5391.4692
SO0058807-4,SO0058807,4,7/17/2023,PESSTo,9861,BALER,,b45501224,0,BROKEN PLUNGERCUSTOMER BROUGHTBALER BACK IN COMPLAINING THAT THE PLUNGER WAS HITTING,BEARINGS THAT HAD GONE OUT ON THE PLUNGERBEARINGS ON PLUNGER MOVED,"REMOVE PISTON. DISASSEMBLED, PLUNGER SENT TO CUSTOMER TO BE WELDED BACK TOGETHER",Missed - Bumper,Bumper Pad - Installed,SO0058807,4,Not Specified,10,AGRO,700112467                    AGCO,DOUBLE SLO,125.5,94.1,8/11/2023,29.5295,5391.4692
SO0058807-5,SO0058807,5,7/17/2023,PESSTo,9861,BALER,,b45501224,0,BROKEN PLUNGERCUSTOMER BROUGHTBALER BACK IN COMPLAINING THAT THE PLUNGER WAS HITTING,BEARINGS THAT HAD GONE OUT ON THE PLUNGERBEARINGS ON PLUNGER MOVED,"REMOVE PISTON. DISASSEMBLED, PLUNGER SENT TO CUSTOMER TO BE WELDED BACK TOGETHER","Excessive Wear - Cylinder, Broken - Clip","Cylinder - Replaced, Pin - Installed, Fitting - Installed, Breather - Installed",SO0058807,5,Not Specified,4,AGRO,700112468                    AGCO,DOUBLE SLO,50.2,37.64,8/11/2023,29.5295,5391.4692
SO0058817-1,SO0058817,1,7/17/2023,PESSTo,9861,BALER,,b45501224,0,BROKEN PLUNGERCUSTOMER BROUGHTBALER BACK IN COMPLAINING THAT THE PLUNGER WAS HITTING,BEARINGS THAT HAD GONE OUT ON THE PLUNGERBEARINGS ON PLUNGER MOVED,"REMOVE PISTON. DISASSEMBLED, PLUNGER SENT TO CUSTOMER TO BE WELDED BACK TOGETHER",Frozen - Boom,Boom Valve - Sent,SO0058817,1,Not Specified,4,AGRO,700115415                    AGCO,SHIM,52.28,52.28,8/11/2023,29.5295,5391.4692
SO0058817-2,SO0058817,2,7/17/2023,PESSTo,9861,BALER,,b45501224,0,BROKEN PLUNGERCUSTOMER BROUGHTBALER BACK IN COMPLAINING THAT THE PLUNGER WAS HITTING,BEARINGS THAT HAD GONE OUT ON THE PLUNGERBEARINGS ON PLUNGER MOVED,"REMOVE PISTON. DISASSEMBLED, PLUNGER SENT TO CUSTOMER TO BE WELDED BACK TOGETHER",Inconsistent Rate - Pump,"Steering Line - Removed, Tank - Removed, Bracket - Installed, Tank - Unboxed",SO0058817,2,Not Specified,4,AGRO,700115417                    AGCO,SHIM,45.3999,45.3999,8/11/2023,29.5295,5391.4692
SO0058817-4,SO0058817,4,7/17/2023,PESSTo,9861,BALER,,b45501224,0,BROKEN PLUNGERCUSTOMER BROUGHTBALER BACK IN COMPLAINING THAT THE PLUNGER WAS HITTING,BEARINGS THAT HAD GONE OUT ON THE PLUNGERBEARINGS ON PLUNGER MOVED,"REMOVE PISTON. DISASSEMBLED, PLUNGER SENT TO CUSTOMER TO BE WELDED BACK TOGETHER","Error - Pump, Error - Boom, Inoperative - NCV","Pressure Transducer - Replaced, Boom Pressure Transducer - Replaced",SO0058817,4,Not Specified,4,AGRO,700702265                    AGCO,HEX SOC HD BOLT-,18.92,14.2,8/11/2023,29.5295,5391.4692
SO0058817-5,SO0058817,5,7/17/2023,PESSTo,9861,BALER,,b45501224,0,BROKEN PLUNGERCUSTOMER BROUGHTBALER BACK IN COMPLAINING THAT THE PLUNGER WAS HITTING,BEARINGS THAT HAD GONE OUT ON THE PLUNGERBEARINGS ON PLUNGER MOVED,"REMOVE PISTON. DISASSEMBLED, PLUNGER SENT TO CUSTOMER TO BE WELDED BACK TOGETHER",Inoperative - Nozzle,Jumper Harness - Installed,SO0058817,5,Not Specified,1,AGRO,700703916                    AGCO,PLUNGER KNIFE,188.94,141.71,8/11/2023,29.5295,5391.4692
SO0058817-7,SO0058817,7,7/17/2023,PESSTo,9861,BALER,,b45501224,0,BROKEN PLUNGERCUSTOMER BROUGHTBALER BACK IN COMPLAINING THAT THE PLUNGER WAS HITTING,BEARINGS THAT HAD GONE OUT ON THE PLUNGERBEARINGS ON PLUNGER MOVED,"REMOVE PISTON. DISASSEMBLED, PLUNGER SENT TO CUSTOMER TO BE WELDED BACK TOGETHER",Low Voltage - XRT,"Power Wire - Reconnected, Ground Wire - Reconnected",SO0058817,7,Not Specified,1,AGRO,Z52233                       AGCO,MACHINRY BUSHING,0.7,0.52,8/11/2023,29.5295,5391.4692
SO0058817-8,SO0058817,8,7/17/2023,PESSTo,9861,BALER,,b45501224,0,BROKEN PLUNGERCUSTOMER BROUGHTBALER BACK IN COMPLAINING THAT THE PLUNGER WAS HITTING,BEARINGS THAT HAD GONE OUT ON THE PLUNGERBEARINGS ON PLUNGER MOVED,"REMOVE PISTON. DISASSEMBLED, PLUNGER SENT TO CUSTOMER TO BE WELDED BACK TOGETHER",Inoperative - NCV,"Jumper Harness - Installed, NCV - Replaced",SO0058817,8,Not Specified,4,AGRO,700115416                    AGCO,SHIM,168.2,126.16,8/11/2023,29.5295,5391.4692
SO0058819-1,SO0058819,1,7/17/2023,PESSTo,9861,BALER,,b45501224,0,BROKEN PLUNGERCUSTOMER BROUGHTBALER BACK IN COMPLAINING THAT THE PLUNGER WAS HITTING,BEARINGS THAT HAD GONE OUT ON THE PLUNGERBEARINGS ON PLUNGER MOVED,"REMOVE PISTON. DISASSEMBLED, PLUNGER SENT TO CUSTOMER TO BE WELDED BACK TOGETHER","Erratic - XRT, Not Settling - Boom",Battery Fuse Wire - Realigned,SO0058819,1,Not Specified,8,PASTEL,1137339                      FASTEN,5/16-18 FLANGE NUT,0.7198,0.56,8/11/2023,29.5295,5391.4692
SO0058829-1,SO0058829,1,7/17/2023,PESSTo,9861,BALER,,b45501224,0,BROKEN PLUNGERCUSTOMER BROUGHTBALER BACK IN COMPLAINING THAT THE PLUNGER WAS HITTING,BEARINGS THAT HAD GONE OUT ON THE PLUNGERBEARINGS ON PLUNGER MOVED,"REMOVE PISTON. DISASSEMBLED, PLUNGER SENT TO CUSTOMER TO BE WELDED BACK TOGETHER",Not Mentioned - Not Mentioned,No Component Mentioned - Welded,SO0058829,1,Not Specified,1,AGRO,700703917                    AGCO,PLUNGER/KNIFE,108.04,81.03,8/11/2023,29.5295,5391.4692
SO0058829-2,SO0058829,2,7/17/2023,PESSTo,9861,BALER,,b45501224,0,BROKEN PLUNGERCUSTOMER BROUGHTBALER BACK IN COMPLAINING THAT THE PLUNGER WAS HITTING,BEARINGS THAT HAD GONE OUT ON THE PLUNGERBEARINGS ON PLUNGER MOVED,"REMOVE PISTON. DISASSEMBLED, PLUNGER SENT TO CUSTOMER TO BE WELDED BACK TOGETHER",Not Mentioned - Not Mentioned,No Component Mentioned - Performed,SO0058829,2,Not Specified,10,AGRO,Y707455                      AGCO,PLOW BOLT-1/2-13,30,22.5,8/11/2023,29.5295,5391.4692
SO0058829-4,SO0058829,4,7/17/2023,PESSTo,9861,BALER,,b45501224,0,BROKEN PLUNGERCUSTOMER BROUGHTBALER BACK IN COMPLAINING THAT THE PLUNGER WAS HITTING,BEARINGS THAT HAD GONE OUT ON THE PLUNGERBEARINGS ON PLUNGER MOVED,"REMOVE PISTON. DISASSEMBLED, PLUNGER SENT TO CUSTOMER TO BE WELDED BACK TOGETHER",Not Mentioned - Not Mentioned,"Bin Sensor - Replaced, Bin Sensor - Installed, Bin Sensor - Reconnected, Computer - Changed Setting",SO0058829,4,Not Specified,10,AGRO,Y707356                      AGCO,5/16 x1-1/4 PLOW BOLT,31.43,33.6999,8/11/2023,29.5295,5391.4692
SO0058830-1,SO0058830,1,7/17/2023,PESSTo,9861,BALER,,b45501224,0,BROKEN PLUNGERCUSTOMER BROUGHTBALER BACK IN COMPLAINING THAT THE PLUNGER WAS HITTING,BEARINGS THAT HAD GONE OUT ON THE PLUNGERBEARINGS ON PLUNGER MOVED,"REMOVE PISTON. DISASSEMBLED, PLUNGER SENT TO CUSTOMER TO BE WELDED BACK TOGETHER",Derated - Boom,Software - Updated,SO0058830,1,Not Specified,1,AGRO,837971                       AGCO,CASTING,35.74,26.81,8/11/2023,29.5295,5391.4692
SO0058832-1,SO0058832,1,7/17/2023,PESSTo,9861,BALER,,b45501224,0,BROKEN PLUNGERCUSTOMER BROUGHTBALER BACK IN COMPLAINING THAT THE PLUNGER WAS HITTING,BEARINGS THAT HAD GONE OUT ON THE PLUNGERBEARINGS ON PLUNGER MOVED,"REMOVE PISTON. DISASSEMBLED, PLUNGER SENT TO CUSTOMER TO BE WELDED BACK TOGETHER",Leak - Boom,Boom Lift Cylinder - Replaced,SO0058832,1,Not Specified,10,AGRO,700747113                    AGCO,ROLLER BEARING,202.7,152,8/11/2023,29.5295,5391.4692
SO0058835-1,SO0058835,1,7/17/2023,PESSTo,9861,BALER,,b45501224,0,BROKEN PLUNGERCUSTOMER BROUGHTBALER BACK IN COMPLAINING THAT THE PLUNGER WAS HITTING,BEARINGS THAT HAD GONE OUT ON THE PLUNGERBEARINGS ON PLUNGER MOVED,"REMOVE PISTON. DISASSEMBLED, PLUNGER SENT TO CUSTOMER TO BE WELDED BACK TOGETHER",Shut Down - Viper,No Component Mentioned - No Component Mentioned,SO0058835,1,Not Specified,2,AGRO,700706004                    AGCO,OUTR PLNGR KNIFE,150.08,112.56,8/11/2023,29.5295,5391.4692
SO0058835-4,SO0058835,4,7/17/2023,PESSTo,9861,BALER,,b45501224,0,BROKEN PLUNGERCUSTOMER BROUGHTBALER BACK IN COMPLAINING THAT THE PLUNGER WAS HITTING,BEARINGS THAT HAD GONE OUT ON THE PLUNGERBEARINGS ON PLUNGER MOVED,"REMOVE PISTON. DISASSEMBLED, PLUNGER SENT TO CUSTOMER TO BE WELDED BACK TOGETHER",Not Installed - Recirculation System,"Wear Guard - Installed, Hose - Realigned, Seal - Replaced",SO0058835,4,Not Specified,1,AGRO,700706003                    AGCO,HEX CAP SCREW-5/,4.73,3.55,8/11/2023,29.5295,5391.4692
SO0058835-6,SO0058835,6,7/17/2023,PESSTo,9861,BALER,,b45501224,0,BROKEN PLUNGERCUSTOMER BROUGHTBALER BACK IN COMPLAINING THAT THE PLUNGER WAS HITTING,BEARINGS THAT HAD GONE OUT ON THE PLUNGERBEARINGS ON PLUNGER MOVED,"REMOVE PISTON. DISASSEMBLED, PLUNGER SENT TO CUSTOMER TO BE WELDED BACK TOGETHER",Not Mentioned - Machine,"Radio Antenna - Installed, Slingshot Antenna - Installed, Beacon - Installed, Rail Bolt - Installed, Step - Installed, Top Panel - Installed",SO0058835,6,Not Specified,5,PASTEL,GR5                          FASTEN,GR 5 HARDWARE,6.0498,3.85,8/11/2023,29.5295,5391.4692
SO0058835-7,SO0058835,7,7/21/2023,PASEIH,9861,SPRAYS,,YPT056989,13.35,HYDRAULIC LEAK ON LH FRONT SIDE OF SPRAYER,POOR ORING MATERIAL,I went to the farm and started the sprayer and found a leak at the fast fit fittings on the steel line on the left front axle.  I took it apart and found that the O-ring was burned out. I replaced the O-ring and reassembled it. Then I checked the oil level and found it was too low,Not Installed - Tire,Tire - Installed,SO0058835,7,Not Specified,1,PASE,167266                       CASE,O-RING,0.9799,0.5999,9/21/2023,3.37,1314.3498
SO0058835-8,SO0058835,8,7/21/2023,PASEIH,9861,SPRAYS,,YPT056989,13.35,HYDRAULIC LEAK ON LH FRONT SIDE OF SPRAYER,POOR ORING MATERIAL,I went to the farm and started the sprayer and found a leak at the fast fit fittings on the steel line on the left front axle.  I took it apart and found that the O-ring was burned out. I replaced the O-ring and reassembled it. Then I checked the oil level and found it was too low,Leak - Hose,Hydraulic Hose - Replaced,SO0058835,8,Not Specified,3,PASE,73344328                     CASE,OIL HV46 5GAL HYDRAULIC,360.36,254.65,9/21/2023,3.37,1314.3498
SO0058835-9,SO0058835,9,7/21/2023,PASEIH,9861,SPRAYS,,YPT056989,13.35,OIL LEAK ON REAR OF SPRAYER,POOR ROUTING OF HOSE,I went to the farm and checked for leaks. I found a leak in the left inner fold cylinder hose. I ordered a hose and then went back out and removed the hose and routed it so it wouldn't get pinched and zipped. I checked the oil level and refilled it with oil the customer had,Leak - Hose,"O Ring - Replaced, Line - Realigned",SO0058835,9,Not Specified,1,PASE,90411262                     CASE,HOSE,90.39,69.53,9/7/2023,6.0499,1557.4299
SO0058842-1,SO0058842,1,7/24/2023,PASEIH,9861,SPRAYS,,YPT057018,52,FUEL TANK SUCKED IN.,WRONG FUEL CAP FROM FACTORYPN:BN68502UNIT HRS: 52,REMOVE HOOD. Drain fuel. REMOVE BRACKETS. Started by removing the tank. REMOVE TANK. REPLACE FASTENERS AND BRACKETS. INSTALL NEW TANK. RECONNECT ALL WIRES AND CONNECTIONS. FILL UP WITH FILTERED FUEL. OPERATE THE MACHINE TO CHECK THE REPAIR. REINSTALLE HOOD. TRACTION MACHINE,"Faulty - Boom, Warning - Boom",Aim Flex Harness - Replaced,SO0058842,1,Not Specified,1,PASE,BN68502                      CASE,CAP,46.8,32.57,8/1/2023,4.7299,2101.91
SO0058842-3,SO0058842,3,7/24/2023,PASEIH,9861,SPRAYS,,YPT057018,52,FUEL TANK SUCKED IN.,WRONG FUEL CAP FROM FACTORYPN:BN68502UNIT HRS: 52,REMOVE HOOD. Drain fuel. REMOVE BRACKETS. Started by removing the tank. REMOVE TANK. REPLACE FASTENERS AND BRACKETS. INSTALL NEW TANK. RECONNECT ALL WIRES AND CONNECTIONS. FILL UP WITH FILTERED FUEL. OPERATE THE MACHINE TO CHECK THE REPAIR. REINSTALLE HOOD. TRACTION MACHINE,Not Mentioned - Not Mentioned,"Spray Tip - Installed, NCV Connector - Sprayed, Hydraulic Tank Drain Plug - Rebuilt, Axle Puck - Painted",SO0058842,3,Not Specified,1,PASE,51633102                     CASE,TANK,1209.62,853.72,8/1/2023,4.7299,2101.91
SO0058842-5,SO0058842,5,8/2/2023,PASEIH,9861,SPRAYS,2023,YPT056934,119,FULL 100+ HR SERVICEENG OIL & FILTERSFUEL FILTERS order hyd. return pipe on left frame rail.ORDER fitting on Section 7 product pipe.Found support for sections 3 and 5 loose tightened.For loose fitting on Section 4 left endof product boom. Replaced plactic,Unknown,Waited 123 hours. Engine oil and filter changed. Fuel filter changed. Engine air filter changed. Cabin air filter changed. Battery terminals checked. Air conditioning belt checked. Boom pivot pin tightened. Coolant checked to -34F. Machine greased. Adjust tire press. to 33PSICleane,Incorrect - Plate,"No Component Mentioned - Replaced, No Component Mentioned - Mounted",SO0058842,5,Not Specified,1,PASE,90412128                     CASE,FILTER  FUEL,20.25,12.08,1/29/2024,11.2398,4157.7497
SO0058842-6,SO0058842,6,8/2/2023,PASEIH,9861,SPRAYS,2023,YPT056934,119,FULL 100+ HR SERVICEENG OIL & FILTERSFUEL FILTERS order hyd. return pipe on left frame rail.ORDER fitting on Section 7 product pipe.Found support for sections 3 and 5 loose tightened.For loose fitting on Section 4 left endof product boom. Replaced plactic,Unknown,Waited 123 hours. Engine oil and filter changed. Fuel filter changed. Engine air filter changed. Cabin air filter changed. Battery terminals checked. Air conditioning belt checked. Boom pivot pin tightened. Coolant checked to -34F. Machine greased. Adjust tire press. to 33PSICleane,Leak - Hose,No Component Mentioned - No Component Mentioned,SO0058842,6,Not Specified,1,PASE,87356547                     CASE,FILTER  AIR - SECONDARY,144,85.8799,1/29/2024,11.2398,4157.7497
SO0058848-1,SO0058848,1,8/2/2023,PASEIH,9861,SPRAYS,2023,YPT056934,119,FULL 100+ HR SERVICEENG OIL & FILTERSFUEL FILTERS order hyd. return pipe on left frame rail.ORDER fitting on Section 7 product pipe.Found support for sections 3 and 5 loose tightened.For loose fitting on Section 4 left endof product boom. Replaced plactic,Unknown,Waited 123 hours. Engine oil and filter changed. Fuel filter changed. Engine air filter changed. Cabin air filter changed. Battery terminals checked. Air conditioning belt checked. Boom pivot pin tightened. Coolant checked to -34F. Machine greased. Adjust tire press. to 33PSICleane,Leak - Hydraulic System,"Hose - Replaced, No Component Mentioned - Cleaned",SO0058848,1,Not Specified,1,PASE,87356545                     CASE,FILTER  AIR - PRIMARY,194,115.7,1/29/2024,11.2398,4157.7497
SO0058849-1,SO0058849,1,8/2/2023,PASEIH,9861,SPRAYS,2023,YPT056934,119,FULL 100+ HR SERVICEENG OIL & FILTERSFUEL FILTERS order hyd. return pipe on left frame rail.ORDER fitting on Section 7 product pipe.Found support for sections 3 and 5 loose tightened.For loose fitting on Section 4 left endof product boom. Replaced plactic,Unknown,Waited 123 hours. Engine oil and filter changed. Fuel filter changed. Engine air filter changed. Cabin air filter changed. Battery terminals checked. Air conditioning belt checked. Boom pivot pin tightened. Coolant checked to -34F. Machine greased. Adjust tire press. to 33PSICleane,Cracked - Boom,"Hydraulic Hose - Removed, Hose - Removed, Wire - Removed, Spray Bar - Removed, Lift Ram - Removed, Lower Hinge Pin - Removed",SO0058849,1,Not Specified,1,PASE,87267363                     CASE,FILTER  AIR - CAB,264,163.5,1/29/2024,11.2398,4157.7497
SO0058856-1,SO0058856,1,8/2/2023,PASEIH,9861,SPRAYS,2023,YPT056934,119,FULL 100+ HR SERVICEENG OIL & FILTERSFUEL FILTERS order hyd. return pipe on left frame rail.ORDER fitting on Section 7 product pipe.Found support for sections 3 and 5 loose tightened.For loose fitting on Section 4 left endof product boom. Replaced plactic,Unknown,Waited 123 hours. Engine oil and filter changed. Fuel filter changed. Engine air filter changed. Cabin air filter changed. Battery terminals checked. Air conditioning belt checked. Boom pivot pin tightened. Coolant checked to -34F. Machine greased. Adjust tire press. to 33PSICleane,Leak - Axle,Axle Seal - Replaced,SO0058856,1,Not Specified,1,PASE,90382886                     CASE,STRAINER  FILTER,163.45,110.33,1/29/2024,11.2398,4157.7497
SO0058856-2,SO0058856,2,8/2/2023,PASEIH,9861,SPRAYS,2023,YPT056934,119,FULL 100+ HR SERVICEENG OIL & FILTERSFUEL FILTERS order hyd. return pipe on left frame rail.ORDER fitting on Section 7 product pipe.Found support for sections 3 and 5 loose tightened.For loose fitting on Section 4 left endof product boom. Replaced plactic,Unknown,Waited 123 hours. Engine oil and filter changed. Fuel filter changed. Engine air filter changed. Cabin air filter changed. Battery terminals checked. Air conditioning belt checked. Boom pivot pin tightened. Coolant checked to -34F. Machine greased. Adjust tire press. to 33PSICleane,Inoperative - Suspension,"Hose - Replaced, No Component Mentioned - Repaired",SO0058856,2,Not Specified,1,PASE,405779A1                     CASE,TEE,17.4,11.18,1/29/2024,11.2398,4157.7497
SO0058856-4,SO0058856,4,8/2/2023,PASEIH,9861,SPRAYS,2023,YPT056934,119,FULL 100+ HR SERVICEENG OIL & FILTERSFUEL FILTERS order hyd. return pipe on left frame rail.ORDER fitting on Section 7 product pipe.Found support for sections 3 and 5 loose tightened.For loose fitting on Section 4 left endof product boom. Replaced plactic,Unknown,Waited 123 hours. Engine oil and filter changed. Fuel filter changed. Engine air filter changed. Cabin air filter changed. Battery terminals checked. Air conditioning belt checked. Boom pivot pin tightened. Coolant checked to -34F. Machine greased. Adjust tire press. to 33PSICleane,"Rubbed - Wheel, Rust - Wheel, Not Sealed - Hydraulic Tank","Hose - Replaced, O Ring - Replaced",SO0058856,4,Not Specified,1,PASE,91745929                     CASE,FILTER  ELEMENT,182,112.71,1/29/2024,11.2398,4157.7497
SO0058859-1,SO0058859,1,8/2/2023,PASEIH,9861,SPRAYS,2023,YPT056934,119,FULL 100+ HR SERVICEENG OIL & FILTERSFUEL FILTERS order hyd. return pipe on left frame rail.ORDER fitting on Section 7 product pipe.Found support for sections 3 and 5 loose tightened.For loose fitting on Section 4 left endof product boom. Replaced plactic,Unknown,Waited 123 hours. Engine oil and filter changed. Fuel filter changed. Engine air filter changed. Cabin air filter changed. Battery terminals checked. Air conditioning belt checked. Boom pivot pin tightened. Coolant checked to -34F. Machine greased. Adjust tire press. to 33PSICleane,Slow - Suspension,No Component Mentioned - No Component Mentioned,SO0058859,1,Not Specified,6,PASE,BN303204                     CASE,GASKET,6.6,3.82,1/29/2024,11.2398,4157.7497
SO0058859-3,SO0058859,3,8/2/2023,PASEIH,9861,SPRAYS,2023,YPT056934,119,FULL 100+ HR SERVICEENG OIL & FILTERSFUEL FILTERS order hyd. return pipe on left frame rail.ORDER fitting on Section 7 product pipe.Found support for sections 3 and 5 loose tightened.For loose fitting on Section 4 left endof product boom. Replaced plactic,Unknown,Waited 123 hours. Engine oil and filter changed. Fuel filter changed. Engine air filter changed. Cabin air filter changed. Battery terminals checked. Air conditioning belt checked. Boom pivot pin tightened. Coolant checked to -34F. Machine greased. Adjust tire press. to 33PSICleane,Rubbed - Steering,"Hose - Taped, Hose - Installed, Machine - Bled Air",SO0058859,3,Not Specified,0,PASE,84412164                     CASE,FILTER  FUEL,0,0,1/29/2024,11.2398,4157.7497
SO0058859-4,SO0058859,4,8/2/2023,PASEIH,9861,SPRAYS,2023,YPT056934,119,FULL 100+ HR SERVICEENG OIL & FILTERSFUEL FILTERS order hyd. return pipe on left frame rail.ORDER fitting on Section 7 product pipe.Found support for sections 3 and 5 loose tightened.For loose fitting on Section 4 left endof product boom. Replaced plactic,Unknown,Waited 123 hours. Engine oil and filter changed. Fuel filter changed. Engine air filter changed. Cabin air filter changed. Battery terminals checked. Air conditioning belt checked. Boom pivot pin tightened. Coolant checked to -34F. Machine greased. Adjust tire press. to 33PSICleane,Leak - Filter,"Cover - Installed, Breather - Installed, Cover - Retightened",SO0058859,4,Not Specified,32,PASE,73342365Q                    CASE,OIL,212.8,107.84,1/29/2024,11.2398,4157.7497
SO0058859-5,SO0058859,5,8/2/2023,PASEIH,9861,SPRAYS,2023,YPT056934,119,FULL 100+ HR SERVICEENG OIL & FILTERSFUEL FILTERS order hyd. return pipe on left frame rail.ORDER fitting on Section 7 product pipe.Found support for sections 3 and 5 loose tightened.For loose fitting on Section 4 left endof product boom. Replaced plactic,Unknown,Waited 123 hours. Engine oil and filter changed. Fuel filter changed. Engine air filter changed. Cabin air filter changed. Battery terminals checked. Air conditioning belt checked. Boom pivot pin tightened. Coolant checked to -34F. Machine greased. Adjust tire press. to 33PSICleane,Inoperative - Mirror,"Mirror Arm - Replaced, Mirror Glass - Replaced",SO0058859,5,Not Specified,1,PASE,5801439820                   CASE,FILTER  FUEL,82.25,56.5799,1/29/2024,11.2398,4157.7497
SO0058859-7,SO0058859,7,8/2/2023,PASEIH,9861,SPRAYS,2023,YPT056934,119,FULL 100+ HR SERVICEENG OIL & FILTERSFUEL FILTERS order hyd. return pipe on left frame rail.ORDER fitting on Section 7 product pipe.Found support for sections 3 and 5 loose tightened.For loose fitting on Section 4 left endof product boom. Replaced plactic,Unknown,Waited 123 hours. Engine oil and filter changed. Fuel filter changed. Engine air filter changed. Cabin air filter changed. Battery terminals checked. Air conditioning belt checked. Boom pivot pin tightened. Coolant checked to -34F. Machine greased. Adjust tire press. to 33PSICleane,Inoperative - Strobe,Bulb - Replaced,SO0058859,7,Not Specified,1,PASE,51693958                     CASE,FILTER ELEMENT,39.81,24.65,1/29/2024,11.2398,4157.7497
SO0058863-1,SO0058863,1,8/2/2023,PASEIH,9861,SPRAYS,2023,YPT056934,119,FULL 100+ HR SERVICEENG OIL & FILTERSFUEL FILTERS order hyd. return pipe on left frame rail.ORDER fitting on Section 7 product pipe.Found support for sections 3 and 5 loose tightened.For loose fitting on Section 4 left endof product boom. Replaced plactic,Unknown,Waited 123 hours. Engine oil and filter changed. Fuel filter changed. Engine air filter changed. Cabin air filter changed. Battery terminals checked. Air conditioning belt checked. Boom pivot pin tightened. Coolant checked to -34F. Machine greased. Adjust tire press. to 33PSICleane,Leak - Hydro Case,"O Ring - Installed, Seal - Cleaned, O Ring - Greased, Plug - Reinstalled, No Component Mentioned - Retightened",SO0058863,1,Not Specified,1,PLEGMAN,290417                       DEGELM,2X1 1/4 MANI/HB,3.18,2.1499,1/29/2024,11.2398,4157.7497
SO0058873-1,SO0058873,1,8/2/2023,PASEIH,9861,SPRAYS,2023,YPT056934,119,FULL 100+ HR SERVICEENG OIL & FILTERSFUEL FILTERS order hyd. return pipe on left frame rail.ORDER fitting on Section 7 product pipe.Found support for sections 3 and 5 loose tightened.For loose fitting on Section 4 left endof product boom. Replaced plactic,Unknown,Waited 123 hours. Engine oil and filter changed. Fuel filter changed. Engine air filter changed. Cabin air filter changed. Battery terminals checked. Air conditioning belt checked. Boom pivot pin tightened. Coolant checked to -34F. Machine greased. Adjust tire press. to 33PSICleane,"Leak - Unit, Water Intrusion - Windshield",No Component Mentioned - No Component Mentioned,SO0058873,1,Not Specified,0,PASE,47888705                     CASE,"2.0FLH,EPDM",0,0,1/29/2024,11.2398,4157.7497
SO0058873-2,SO0058873,2,8/2/2023,PASEIH,9861,SPRAYS,2023,YPT056934,119,FULL 100+ HR SERVICEENG OIL & FILTERSFUEL FILTERS order hyd. return pipe on left frame rail.ORDER fitting on Section 7 product pipe.Found support for sections 3 and 5 loose tightened.For loose fitting on Section 4 left endof product boom. Replaced plactic,Unknown,Waited 123 hours. Engine oil and filter changed. Fuel filter changed. Engine air filter changed. Cabin air filter changed. Battery terminals checked. Air conditioning belt checked. Boom pivot pin tightened. Coolant checked to -34F. Machine greased. Adjust tire press. to 33PSICleane,Not Mentioned - Wheel,No Component Mentioned - No Component Mentioned,SO0058873,2,Not Specified,4,PTM,24                           MTD,HOSE/CLAMP,10.96,4.98,1/29/2024,11.2398,4157.7497
SO0058873-3,SO0058873,3,8/2/2023,PASEIH,9861,SPRAYS,2023,YPT056934,119,FULL 100+ HR SERVICEENG OIL & FILTERSFUEL FILTERS order hyd. return pipe on left frame rail.ORDER fitting on Section 7 product pipe.Found support for sections 3 and 5 loose tightened.For loose fitting on Section 4 left endof product boom. Replaced plactic,Unknown,Waited 123 hours. Engine oil and filter changed. Fuel filter changed. Engine air filter changed. Cabin air filter changed. Battery terminals checked. Air conditioning belt checked. Boom pivot pin tightened. Coolant checked to -34F. Machine greased. Adjust tire press. to 33PSICleane,"Missed - Mirror, Broken - Mirror","Left Mirror - Replaced, Right Mirror - Replaced",SO0058873,3,Not Specified,3,PASE,400502A1                     CASE,CLAMP,29.85,20.55,1/29/2024,11.2398,4157.7497
SO0058873-4,SO0058873,4,8/2/2023,PASEIH,9861,SPRAYS,2023,YPT056934,119,FULL 100+ HR SERVICEENG OIL & FILTERSFUEL FILTERS order hyd. return pipe on left frame rail.ORDER fitting on Section 7 product pipe.Found support for sections 3 and 5 loose tightened.For loose fitting on Section 4 left endof product boom. Replaced plactic,Unknown,Waited 123 hours. Engine oil and filter changed. Fuel filter changed. Engine air filter changed. Cabin air filter changed. Battery terminals checked. Air conditioning belt checked. Boom pivot pin tightened. Coolant checked to -34F. Machine greased. Adjust tire press. to 33PSICleane,Leak - Cooler,"Oil Cooler - Removed, Oil Cooler - Transferred, Oil Cooler - Installed, Cooler Line - Installed",SO0058873,4,Not Specified,1,PK SYSTEMS,M200TEE                      AGSYST,2 FTSTD->TEE,14.17,5.32,1/29/2024,11.2398,4157.7497
SO0058873-5,SO0058873,5,8/2/2023,PASEIH,9861,SPRAYS,2023,YPT056934,119,FULL 100+ HR SERVICEENG OIL & FILTERSFUEL FILTERS order hyd. return pipe on left frame rail.ORDER fitting on Section 7 product pipe.Found support for sections 3 and 5 loose tightened.For loose fitting on Section 4 left endof product boom. Replaced plactic,Unknown,Waited 123 hours. Engine oil and filter changed. Fuel filter changed. Engine air filter changed. Cabin air filter changed. Battery terminals checked. Air conditioning belt checked. Boom pivot pin tightened. Coolant checked to -34F. Machine greased. Adjust tire press. to 33PSICleane,Not Mentioned - Breakaway,"Left Boom - Replaced, Right Boom - Replaced",SO0058873,5,Not Specified,1,PK SYSTEMS,M200CPG90                    AGSYST,"2"" manifold elbow",6.4199,4.1699,1/29/2024,11.2398,4157.7497
SO0058873-7,SO0058873,7,8/2/2023,PASEIH,9861,SPRAYS,2023,YPT056934,119,FULL 100+ HR SERVICEENG OIL & FILTERSFUEL FILTERS order hyd. return pipe on left frame rail.ORDER fitting on Section 7 product pipe.Found support for sections 3 and 5 loose tightened.For loose fitting on Section 4 left endof product boom. Replaced plactic,Unknown,Waited 123 hours. Engine oil and filter changed. Fuel filter changed. Engine air filter changed. Cabin air filter changed. Battery terminals checked. Air conditioning belt checked. Boom pivot pin tightened. Coolant checked to -34F. Machine greased. Adjust tire press. to 33PSICleane,Broken - Tarp,Roll Tarp Cable - Replaced,SO0058873,7,Not Specified,1,PK SYSTEMS,M200CPG45                    AGSYST,FLANGED 45,6.75,4.45,1/29/2024,11.2398,4157.7497
SO0058873-8,SO0058873,8,8/2/2023,PASEIH,9861,SPRAYS,2023,YPT056934,119,FULL 100+ HR SERVICEENG OIL & FILTERSFUEL FILTERS order hyd. return pipe on left frame rail.ORDER fitting on Section 7 product pipe.Found support for sections 3 and 5 loose tightened.For loose fitting on Section 4 left endof product boom. Replaced plactic,Unknown,Waited 123 hours. Engine oil and filter changed. Fuel filter changed. Engine air filter changed. Cabin air filter changed. Battery terminals checked. Air conditioning belt checked. Boom pivot pin tightened. Coolant checked to -34F. Machine greased. Adjust tire press. to 33PSICleane,"Not Functioning - Clutch, Inoperative - Bin",Clutch - Replaced,SO0058873,8,Not Specified,1,PK SYSTEMS,M200125BRB90                 AGSYST,ELB 1.5FLG,5.25,2.93,1/29/2024,11.2398,4157.7497
SO0058883-1,SO0058883,1,8/2/2023,PASEIH,9861,SPRAYS,2023,YPT056934,119,FULL 100+ HR SERVICEENG OIL & FILTERSFUEL FILTERS order hyd. return pipe on left frame rail.ORDER fitting on Section 7 product pipe.Found support for sections 3 and 5 loose tightened.For loose fitting on Section 4 left endof product boom. Replaced plactic,Unknown,Waited 123 hours. Engine oil and filter changed. Fuel filter changed. Engine air filter changed. Cabin air filter changed. Battery terminals checked. Air conditioning belt checked. Boom pivot pin tightened. Coolant checked to -34F. Machine greased. Adjust tire press. to 33PSICleane,Faulty - DEF System,DEF Supply Line - Installed,SO0058883,1,Not Specified,3,PK SYSTEMS,FC200                        AGSYST,CLAMP,23.85,9.7599,1/29/2024,11.2398,4157.7497
SO0058898-1,SO0058898,1,8/2/2023,PASEIH,9861,SPRAYS,2023,YPT056934,119,FULL 100+ HR SERVICEENG OIL & FILTERSFUEL FILTERS order hyd. return pipe on left frame rail.ORDER fitting on Section 7 product pipe.Found support for sections 3 and 5 loose tightened.For loose fitting on Section 4 left endof product boom. Replaced plactic,Unknown,Waited 123 hours. Engine oil and filter changed. Fuel filter changed. Engine air filter changed. Cabin air filter changed. Battery terminals checked. Air conditioning belt checked. Boom pivot pin tightened. Coolant checked to -34F. Machine greased. Adjust tire press. to 33PSICleane,Broken - Swing,"Left Swing Weld - Replaced, Pin - Installed",SO0058898,1,Not Specified,2,PASE,48192026                     CASE,FILTER  ELEMENT,348,188.46,1/29/2024,11.2398,4157.7497
SO0058898-2,SO0058898,2,8/2/2023,PASEIH,9861,SPRAYS,2023,YPT056934,119,FULL 100+ HR SERVICEENG OIL & FILTERSFUEL FILTERS order hyd. return pipe on left frame rail.ORDER fitting on Section 7 product pipe.Found support for sections 3 and 5 loose tightened.For loose fitting on Section 4 left endof product boom. Replaced plactic,Unknown,Waited 123 hours. Engine oil and filter changed. Fuel filter changed. Engine air filter changed. Cabin air filter changed. Battery terminals checked. Air conditioning belt checked. Boom pivot pin tightened. Coolant checked to -34F. Machine greased. Adjust tire press. to 33PSICleane,Oil Leak - Hub,"Center Thrust Screw - Cleaned, Jam Nut - Removed, Thrust Screw - Removed",SO0058898,2,Not Specified,1,PASE,90443373                     CASE,SLEEVE,3.5,2.0899,1/29/2024,11.2398,4157.7497
SO0058898-3,SO0058898,3,8/2/2023,PASEIH,9861,SPRAYS,2023,YPT056934,119,FULL 100+ HR SERVICEENG OIL & FILTERSFUEL FILTERS order hyd. return pipe on left frame rail.ORDER fitting on Section 7 product pipe.Found support for sections 3 and 5 loose tightened.For loose fitting on Section 4 left endof product boom. Replaced plactic,Unknown,Waited 123 hours. Engine oil and filter changed. Fuel filter changed. Engine air filter changed. Cabin air filter changed. Battery terminals checked. Air conditioning belt checked. Boom pivot pin tightened. Coolant checked to -34F. Machine greased. Adjust tire press. to 33PSICleane,Air Leak - Air Bag,Air Bag - Removed,SO0058898,3,Not Specified,1,PASE,84565867                     CASE,FILTER  ENGINE OIL,155.71,109.55,1/29/2024,11.2398,4157.7497
SO0058898-4,SO0058898,4,8/2/2023,PASEIH,9861,SPRAYS,2023,YPT056934,119,Going to freeze,Unknown,Empty the product tank and chemical inducer. I emptied it into a trach can at the store. I didn't realize there were 150 gallons of water in the product tank. It was windy and cold outside. My mistake. Drained product booms and circulation system.  Joe removed and cleaned the filter,Not Cooling - Air Conditioner,No Component Mentioned - No Component Mentioned,SO0058898,4,Not Specified,2,PICK,M1010                        MISC,RV ANTI FREEZE,520.6599,368.5,1/16/2024,10.1197,2349.0495
SO0058898-5,SO0058898,5,8/2/2023,PASEIH,9861,SPRAYS,2023,YPT056934,119,hyd. oil leak,Unknown,DRAIN Hyd. TankRemove the front 3-inch metal tube. Interior step on the platform. Remove broken pipes to replace leaking pipes. Replaced O-rings on replaced pipe. Blow out the new pipe with air to clean it. Reinstall the removed parts to replace the pipe. Refill hyd. Tank with HV 4,Lost - Battery,"Latch - Installed, Battery Cover - Installed",SO0058898,5,Not Specified,3,PASE,167268                       CASE,O-RING,2.3399,2.1299,1/29/2024,17.6399,3855.6498
SO0058898-6,SO0058898,6,8/2/2023,PASEIH,9861,SPRAYS,2023,YPT056934,119,hyd. oil leak,Unknown,DRAIN Hyd. TankRemove the front 3-inch metal tube. Interior step on the platform. Remove broken pipes to replace leaking pipes. Replaced O-rings on replaced pipe. Blow out the new pipe with air to clean it. Reinstall the removed parts to replace the pipe. Refill hyd. Tank with HV 4,Missed - Suspension,No Component Mentioned - No Component Mentioned,SO0058898,6,Not Specified,3,PASE,73344328                     CASE,OIL HV46 5GAL HYDRAULIC,277.2,254.62,1/29/2024,17.6399,3855.6498
SO0058898-7,SO0058898,7,8/2/2023,PASEIH,9861,SPRAYS,2023,YPT056934,119,hyd. oil leak,Unknown,DRAIN Hyd. TankRemove the front 3-inch metal tube. Interior step on the platform. Remove broken pipes to replace leaking pipes. Replaced O-rings on replaced pipe. Blow out the new pipe with air to clean it. Reinstall the removed parts to replace the pipe. Refill hyd. Tank with HV 4,Leak - Steering,"Steering Cylinder Hose - No Fix Condition, Right Steering Cylinder - Removed, Right Steering Cylinder - Inspected",SO0058898,7,Not Specified,1,PASE,90459478                     CASE,TUBE,277.43,254.5399,1/29/2024,17.6399,3855.6498
SO0058936-1,SO0058936,1,8/2/2023,PASEIH,9861,SPRAYS,2023,YPT056934,119,CHEMICAL INDUCTOR AND RINSE TANK FILL RED AND GREEN LIGHTS NOT WORKING PROPERLY,Unknown,I looked at the wiring diagrams and traced it to a possible valve problem. Check out the service bulletin and specialist articles. Viewed knowledge training. Went to the new device to see if there was any more information in the book bag.  Submitted as ASSIST.  There it also said information tr,Broken - Armrest,"Arm Rest - Replaced, No Component Mentioned - Retightened",SO0058936,1,Not Specified,2,PASE,47780967                     CASE,VALVE,1672.5,1534.52,1/29/2024,9.2799,3407.86
SO0058936-2,SO0058936,2,8/9/2023,PONDE,9861,TRACT2,,RWSG016028860,6958,HYDRAULIC CODES,THE PUMP IS GOING OUT.,I got my flow meter and drove to the machine. The first thing I did was start the machine to check the oil level and it was fine. I turned off the machine and connected my flow meter to the number one remote. I started the machine and turned it on,"Not Detected - Machine, Not Holding - Wheel","No Component Mentioned - Recalibrated, GPS - Troubleshooted",SO0058936,2,Not Specified,0,PASE,HF6028                       CASE,"FILTER,HYDRAULIC OI",0,0,9/12/2023,0.9499,189.99
SO0058936-3,SO0058936,3,8/16/2023,PONDE,9861,TRACT2,,NA#,663,AC LINE BLEW AND CUSTOMER REPLACED LINE SYSTEM NEED EVACUATED AND RECHARGED,LINE BLEW AND SYSTEM NEEDS RECHARGED,HANG GAUGES AND VACUUM TIGHTEN AND KEEP SYSTEM IN VACUUM LOADED WITH 4 LBS R134A FREONTEST RAN DEVICE LOW SIDE 12 PSI HIGH SIDE 200 PSI BLEED TEMPERATURE 46 DEGREES AMBIENT TEMPERATURE 79 DEGREES F,"Leak - Hydraulic System, Leak - Motor","Right Motor Hose - Replaced, O Ring - Installed",SO0058936,3,MILES START 41944END 419570 LBS R490A,4,OIL,B134A30                      LUBE,R1341=30,66,36.84,8/29/2023,1.1799,381.38
SO0058947-8,SO0058947,8,8/23/2023,PASEIH,9861,SPRAYS,,YPT056896,35,End blew off the hose,Factory flaw,The customer ordered the defective line and returned it when the new line was delivered. He also claimed that 15 gallons of hydraulic fluid were lost when the line burned out. The customer initiated the repairs.,Inoperative - System,No Component Mentioned - No Component Mentioned,SO0058947,8,Not Specified,3,PASE,73344328                     CASE,OIL HV46 5GAL HYDRAULIC,360.36,255.03,9/8/2023,9.58,568.33
SO0058951-1,SO0058951,1,8/23/2023,PASEIH,9861,SPRAYS,,YPT056896,35,End blew off the hose,Factory flaw,The customer ordered the defective line and returned it when the new line was delivered. He also claimed that 15 gallons of hydraulic fluid were lost when the line burned out. The customer initiated the repairs.,Disconnected - No Component Mentioned,No Component Mentioned - Loaded Software,SO0058951,1,Not Specified,1,PASE,91735732                     CASE,HOSE,207.97,159.9799,9/8/2023,9.58,568.33
SO0058982-2,SO0058982,2,8/24/2023,PASEIH,9861,SPRAYS,,YPT056990,0,PDI/SETUP,Unknown,"COMPLETED, ALL FLUID LEVELS CHECKED. TORQUE CHECKED ON WHEELS. CRADLE FLOWED OUT FOR BOOM. DRIVE SYSTEM AND BRAKES TESTED. GLAMOR PANEL REMOVED FROM BOOM AND MOVED TO THE SIDE. PANEL WAS WRONG, HAD TO ORDER CORRECTLY. FINISHED BY PDI STEPS IN ETIM.ENA","Derated - Machine, Error Code - Machine",DCU - Replaced,SO0058982,2,Not Specified,10,EMPIRE,HDWOZ                        IMPERI,IMPERIAL HARDWARE,2.8999,2.24,9/28/2023,38.9298,6507.5599
SO0058989-1,SO0058989,1,8/24/2023,PASEIH,9861,SPRAYS,,YPT056990,0,INSTALL TIPS,Unknown,3 sets of tips installed on the spray nozzles.,Not Cooling - Air Conditioner,Air Conditioner - Recharged,SO0058989,1,Not Specified,2,PICK,200G                         MISC,"""2"""" GASKET""",4.7599,2.8,9/28/2023,2,390.1599
SO0058989-2,SO0058989,2,8/24/2023,PASEIH,9861,SPRAYS,,YPT056990,0,INSTALL TIPS,Unknown,3 sets of tips installed on the spray nozzles.,Inoperative - Spinner,Spinner Speed Sensor - Replaced,SO0058989,2,Not Specified,2,PICK,BFC200                       MISC,CLAMP,20.84,14.6,9/28/2023,2,390.1599
SO0059001-2,SO0059001,2,8/24/2023,PASEIH,9861,SPRAYS,,YPT056990,0,INSTALL TIPS,Unknown,3 sets of tips installed on the spray nozzles.,Leak - Axle,RIght Front Axle Hose - Replaced,SO0059001,2,Not Specified,2,PICK,M200CPG                      MISC,HARDWARE,39.56,27.6999,9/28/2023,2,390.1599
SO0059006-1,SO0059006,1,8/24/2023,PASEIH,9861,SPRAYS,,YPT056990,0,TRIM PANEL IS INCORRECT FROM FACTORY.,Unknown,The boom was lifted from the bracket and swung out to access the catwalk. The ladder was used to align and install the correct paneling on the walkway using the hardware provided. The boom was folded back into the holder.,"Not Sealed - Door, Air Leak - Door","Door Latch - Realigned, Door - Replaced",SO0059006,1,Not Specified,1,PASE,91739077                     CASE,PANEL,231,150.15,9/28/2023,0.5,287.75
SO0059006-2,SO0059006,2,8/28/2023,PASEIH,9861,SPRAYS,,YPT057018,52,NO AC,Broken wire/ poor harness routingUnit HRS: 52PN: 9182114048 Miles25342 hwy 45 Kimball SD 57355,Driven to the customer's farm. Started troubleshooting AC issues. I turned on the machine and found that the air conditioner was actually not working. Extended outriggers for engine access. Opening the hood found that the AC compressor was inaccessible from the left side. Used a ladder to get onto the rig,Not Mentioned - Not Mentioned,No Component Mentioned - No Component Mentioned,SO0059006,2,Not Specified,0,PASE,47809628R                    CASE,REMAN-A/C COMPRESSOR,0,0,9/25/2023,2.33,512.49
SO0059006-4,SO0059006,4,8/30/2023,PASEIH,9861,SPRAYS,2023,YPT056874,0,When I went out to get machine found. Found AIR ride AIR badges deflated.  Started machine RCM code was set.When driving machine checked W/S wiper system. Washer fluid did not work.,Unknown,"Checked Asper inspection sheet on laptop. Installed rotating lights, radio antenna and additional antenna for GPS receiver.  Additional cameras installed on the center section of the boom and flush valves installed on the center product boom.  CHECK the lights, horn, sun visors and radio. CHECK h",Not Mentioned - Not Mentioned,Tire - Installed,SO0059006,4,Not Specified,1,PICK,WIPEOFF                      MISC,WINDSHIELD CLEAN,6.7999,3.78,10/26/2023,39.0593,5421.8297
SO0059006-6,SO0059006,6,8/30/2023,PASEIH,9861,SPRAYS,2023,YPT056874,0,When I went out to get machine found. Found AIR ride AIR badges deflated.  Started machine RCM code was set.When driving machine checked W/S wiper system. Washer fluid did not work.,Unknown,"Checked Asper inspection sheet on laptop. Installed rotating lights, radio antenna and additional antenna for GPS receiver.  Additional cameras installed on the center section of the boom and flush valves installed on the center product boom.  CHECK the lights, horn, sun visors and radio. CHECK h",Not Mentioned - Not Mentioned,No Component Mentioned - No Component Mentioned,SO0059006,6,Not Specified,1,PICK,M1010                        MISC,RV ANTI FREEZE,260.3299,184.25,10/26/2023,39.0593,5421.8297
SO0059029-1,SO0059029,1,8/30/2023,PASEIH,9861,SPRAYS,2023,YPT056874,0,When I went out to get machine found. Found AIR ride AIR badges deflated.  Started machine RCM code was set.When driving machine checked W/S wiper system. Washer fluid did not work.,Unknown,"Checked Asper inspection sheet on laptop. Installed rotating lights, radio antenna and additional antenna for GPS receiver.  Additional cameras installed on the center section of the boom and flush valves installed on the center product boom.  CHECK the lights, horn, sun visors and radio. CHECK h",Not Mentioned - Not Mentioned,No Component Mentioned - No Component Mentioned,SO0059029,1,Not Specified,1,PICK,103060                       MISC,HOWES FUEL TREATMENT,36.5099,24.99,10/26/2023,39.0593,5421.8297
SO0059029-2,SO0059029,2,8/31/2023,PASEIH,9861,SPRAYS,,YPT056896,221,-Product pump would not run.-Service call- 80 miles total,Unknown,#NAME?,Not Mentioned - Not Mentioned,"First Aid Kit - Installed, Fire Extinguisher - Installed, Air Hose - Installed",SO0059029,2,Not Specified,1,PASE,73344328                     CASE,OIL HV46 5GAL HYDRAULIC,120.12,85.01,10/3/2023,5.8299,1855.6299
SO0059029-4,SO0059029,4,8/31/2023,PASEIH,9861,SPRAYS,,YPT056896,221,-Product pump would not run.-Service call- 80 miles total,Unknown,#NAME?,Not Mentioned - Tire,"Floater - Installed, No Component Mentioned - Stacked",SO0059029,4,Not Specified,1,PASE,84401225                     CASE,VALVE  FLOW CONTROL,368.55,283.5,10/3/2023,5.8299,1855.6299
SO0059029-5,SO0059029,5,8/31/2023,PASEIH,9861,SPRAYS,,YPT056896,221,-Product pump would not run.-Service call- 80 miles total,Unknown,#NAME?,Not Mentioned - Auto Greaser,No Component Mentioned - No Component Mentioned,SO0059029,5,Not Specified,1,PASE,51631373                     CASE,PUMP,423.15,325.5,10/3/2023,5.8299,1855.6299
SO0059036-1,SO0059036,1,9/18/2023,PASEIH,9861,SPRAYS,,YPT056990,23,AUTOFOLD CAUSES BOOM TO DRAG AND BOOMS HIT CRADLE.AUTOBOOM DROPS RIGHT WING TO GROUND.,SOFTWARE AND CALIBRATION ISSUES.RIGHT WING LEVEL POSITION SENSOR IMPROPER MOVEMENT VOLTAGE.,"ERROR CONFIRMED BY FOLDABLE SPRAYER. The boom is inconsistent when folding, does not follow the same path and intermittently hits the brackets. Booms extended and automatic boom activated, the right wing drops below the set value. EST connected and software versions read on automatic",Not Mentioned - Valve,No Component Mentioned - No Component Mentioned,SO0059036,1,Not Specified,1,PASE,47708484R                    CASE,REMAN-SENSOR,145.4,108,10/18/2023,3.58,751.2399
SO0059036-2,SO0059036,2,9/18/2023,PASEIH,9861,SPRAYS,,YPT056990,23,AUTOFOLD CAUSES BOOM TO DRAG AND BOOMS HIT CRADLE.AUTOBOOM DROPS RIGHT WING TO GROUND.,SOFTWARE AND CALIBRATION ISSUES.RIGHT WING LEVEL POSITION SENSOR IMPROPER MOVEMENT VOLTAGE.,"ERROR CONFIRMED BY FOLDABLE SPRAYER. The boom is inconsistent when folding, does not follow the same path and intermittently hits the brackets. Booms extended and automatic boom activated, the right wing drops below the set value. EST connected and software versions read on automatic",Not Mentioned - Not Mentioned,No Component Mentioned - No Component Mentioned,SO0059036,2,Not Specified,-1,PASE,47708484C                    CASE,REMAN-SENSOR,-5,-5,10/18/2023,3.58,751.2399
SO0059036-3,SO0059036,3,9/25/2023,PASEIH,9861,SPRAYS,2023,YPT056732,0,install Boom Recirculate system. Part of New machine sold. Operator wanted machine. He said we could install later.,Unknown,Installed system. Add water to the machine. For testing it worked without any leaks. Ben unlocked it.,Not Mentioned - Not Mentioned,No Component Mentioned - No Component Mentioned,SO0059036,3,Not Specified,2,PASE,442255A1                     CASE,"COUPLER,2 IN MANIFOLD",33.5,21.52,10/20/2023,12.8897,2612.8196
SO0059036-4,SO0059036,4,9/25/2023,PASEIH,9861,SPRAYS,2023,YPT056732,0,install Boom Recirculate system. Part of New machine sold. Operator wanted machine. He said we could install later.,Unknown,Installed system. Add water to the machine. For testing it worked without any leaks. Ben unlocked it.,Not Mentioned - Not Mentioned,No Component Mentioned - No Component Mentioned,SO0059036,4,Not Specified,2,PK SYSTEMS,CPLG050                      AGSYST,1/2 poly coupling,11.24,6.74,10/20/2023,12.8897,2612.8196
SO0059037-1,SO0059037,1,9/25/2023,PASEIH,9861,SPRAYS,2023,YPT056732,0,install Boom Recirculate system. Part of New machine sold. Operator wanted machine. He said we could install later.,Unknown,Installed system. Add water to the machine. For testing it worked without any leaks. Ben unlocked it.,Not Mentioned - Not Mentioned,No Component Mentioned - No Component Mentioned,SO0059037,1,Not Specified,2,PK SYSTEMS,RB1214                       AGSYST,REDUCER BUSHING,2,2.03,10/20/2023,12.8897,2612.8196
SO0059045-1,SO0059045,1,9/25/2023,PASEIH,9861,SPRAYS,2023,YPT056732,0,install Boom Recirculate system. Part of New machine sold. Operator wanted machine. He said we could install later.,Unknown,Installed system. Add water to the machine. For testing it worked without any leaks. Ben unlocked it.,Leak - Steering,"Seal - Replaced, Left Steering Cylinder - Reinstalled, Steering - Rephased",SO0059045,1,Not Specified,1,PK SYSTEMS,FC200                        AGSYST,CLAMP,7.95,3.25,10/20/2023,12.8897,2612.8196
SO0059080-1,SO0059080,1,9/25/2023,PASEIH,9861,SPRAYS,2023,YPT056732,0,install Boom Recirculate system. Part of New machine sold. Operator wanted machine. He said we could install later.,Unknown,Installed system. Add water to the machine. For testing it worked without any leaks. Ben unlocked it.,Leak - Steering,Steering Cylinder - Replaced,SO0059080,1,Not Specified,1,PASE,87388151                     CASE,REGULATOR,54.25,31.1099,10/20/2023,12.8897,2612.8196
SO0059080-2,SO0059080,2,9/25/2023,PASEIH,9861,SPRAYS,2023,YPT056732,0,install Boom Recirculate system. Part of New machine sold. Operator wanted machine. He said we could install later.,Unknown,Installed system. Add water to the machine. For testing it worked without any leaks. Ben unlocked it.,"Not Increasing - Fan, Oil Leak - Valve","Fitting - Installed, Line - Installed, O Ring - Replaced",SO0059080,2,Not Specified,1,PASE,87630098                     CASE,ELBOW  45,5.5499,3.1,10/20/2023,12.8897,2612.8196
SO0059080-2,SO0059080,2,9/25/2023,PASEIH,9861,SPRAYS,2023,YPT056732,0,install Boom Recirculate system. Part of New machine sold. Operator wanted machine. He said we could install later.,Unknown,Installed system. Add water to the machine. For testing it worked without any leaks. Ben unlocked it.,"Not Increasing - Fan, Oil Leak - Valve","Fitting - Installed, Line - Installed, O Ring - Replaced",SO0059080,2,Not Specified,1,PASE,87630098                     CASE,ELBOW  45,5.5499,3.1,10/20/2023,12.8897,2612.8196
SO0059090-1,SO0059090,1,9/25/2023,PASEIH,9861,SPRAYS,2023,YPT056732,0,install Boom Recirculate system. Part of New machine sold. Operator wanted machine. He said we could install later.,Unknown,Installed system. Add water to the machine. For testing it worked without any leaks. Ben unlocked it.,"Not Hitting - No Component Mentioned, Hunting - No Component Mentioned, Over Hitting - No Component Mentioned, Rate Issue - No Component Mentioned","Valve - Replaced, Coil - Replaced",SO0059090,1,Not Specified,0,PASE,90392517                     CASE,VALVE  CHECK,0,0,10/20/2023,12.8897,2612.8196
SO0059090-2,SO0059090,2,9/25/2023,PASEIH,9861,SPRAYS,2023,YPT056732,0,install Boom Recirculate system. Part of New machine sold. Operator wanted machine. He said we could install later.,Unknown,Installed system. Add water to the machine. For testing it worked without any leaks. Ben unlocked it.,Not Mentioned - Not Mentioned,No Component Mentioned - No Component Mentioned,SO0059090,2,Not Specified,2,PASE,90424998                     CASE,FITTING,13.1,8.4199,10/20/2023,12.8897,2612.8196
SO0059090-4,SO0059090,4,9/25/2023,PASEIH,9861,SPRAYS,2023,YPT056732,0,install Boom Recirculate system. Part of New machine sold. Operator wanted machine. He said we could install later.,Unknown,Installed system. Add water to the machine. For testing it worked without any leaks. Ben unlocked it.,Not Mentioned - Not Mentioned,Float Tire - Installed,SO0059090,4,Not Specified,1,PASE,BN303195                     CASE,VALVE,46.5,28.41,10/20/2023,12.8897,2612.8196
SO0059090-8,SO0059090,8,9/25/2023,PASEIH,9861,SPRAYS,2023,YPT056732,0,install Boom Recirculate system. Part of New machine sold. Operator wanted machine. He said we could install later.,Unknown,Installed system. Add water to the machine. For testing it worked without any leaks. Ben unlocked it.,Not Mentioned - Auto Greaser,No Component Mentioned - No Component Mentioned,SO0059090,8,Not Specified,1,PASE,BN303204                     CASE,GASKET,0.9799,0.64,10/20/2023,12.8897,2612.8196
SO0059098-1,SO0059098,1,9/25/2023,PASEIH,9861,SPRAYS,2023,YPT056732,0,install Boom Recirculate system. Part of New machine sold. Operator wanted machine. He said we could install later.,Unknown,Installed system. Add water to the machine. For testing it worked without any leaks. Ben unlocked it.,Oil Leak - No Component Mentioned,"O Ring - Replaced, No Component Mentioned - Cleaned",SO0059098,1,Not Specified,2,LEFLAND,27361-00                     HEARTL,wilger flush valve,73.7,44.2199,10/20/2023,12.8897,2612.8196
SO0059098-3,SO0059098,3,9/25/2023,PASEIH,9861,SPRAYS,2023,YPT056732,0,install Boom Recirculate system. Part of New machine sold. Operator wanted machine. He said we could install later.,Unknown,Installed system. Add water to the machine. For testing it worked without any leaks. Ben unlocked it.,Not Mentioned - Not Mentioned,No Component Mentioned - No Component Mentioned,SO0059098,3,Not Specified,2,PK SYSTEMS,CNS14                        AGSYST,1/4 PIPE CL/NIP,8.4,6.58,10/20/2023,12.8897,2612.8196
SO0059098-4,SO0059098,4,9/25/2023,PASEIH,9861,SPRAYS,2023,YPT056732,0,Boom cradle's on both booms bent and cracked. There are pictures.,Unknown,Both outer folding frames installed with new pads and screws.  I got other people to look at the cradle position. We couldn't imagine it could be installed any other way. I don't think there is enough support.  Contacting the representative.,Low - Coolant,No Component Mentioned - Added,SO0059098,4,Not Specified,2,PASE,51693896                     CASE,PAD,163.36,149.88,10/20/2023,9.1898,2335.4198
SO0059106-1,SO0059106,1,9/25/2023,PASEIH,9861,SPRAYS,2023,YPT056732,0,Boom cradle's on both booms bent and cracked. There are pictures.,Unknown,Both outer folding frames installed with new pads and screws.  I got other people to look at the cradle position. We couldn't imagine it could be installed any other way. I don't think there is enough support.  Contacting the representative.,Not Mentioned - Driveshaft,"Drive Shaft Boot - Removed, Drive Shaft Boot - Installed, Drive Shaft Boot - Greased",SO0059106,1,Not Specified,1,PASE,90353852                     CASE,BRACKET,136.3499,125.1,10/20/2023,9.1898,2335.4198
SO0059121-1,SO0059121,1,9/25/2023,PASEIH,9861,SPRAYS,2023,YPT056732,0,Boom cradle's on both booms bent and cracked. There are pictures.,Unknown,Both outer folding frames installed with new pads and screws.  I got other people to look at the cradle position. We couldn't imagine it could be installed any other way. I don't think there is enough support.  Contacting the representative.,Not Mentioned - Battery,Battery Cable - Replaced,SO0059121,1,Not Specified,1,PASE,90353850                     CASE,BRACKET,161.46,148.14,10/20/2023,9.1898,2335.4198
SO0059121-2,SO0059121,2,9/25/2023,PASEIH,9861,SPRAYS,2023,YPT056732,0,Boom cradle's on both booms bent and cracked. There are pictures.,Unknown,Both outer folding frames installed with new pads and screws.  I got other people to look at the cradle position. We couldn't imagine it could be installed any other way. I don't think there is enough support.  Contacting the representative.,Not Mentioned - Not Mentioned,"Boom Harness - Installed, Hydraulic Valve Block - Swapped, Rear Mast Spray - Reassembled",SO0059121,2,Not Specified,4,PASE,90326335                     CASE,BOLT,5.32,4.8799,10/20/2023,9.1898,2335.4198
SO0059121-4,SO0059121,4,9/25/2023,PASEIH,9861,SPRAYS,2023,YPT056732,0,Boom cradle's on both booms bent and cracked. There are pictures.,Unknown,Both outer folding frames installed with new pads and screws.  I got other people to look at the cradle position. We couldn't imagine it could be installed any other way. I don't think there is enough support.  Contacting the representative.,"Leak - Boom, Damaged - Handrail","Recirculation System - Tested, Boom - Cleaned, Hand Rail - Painted, Hand Rail - Filled",SO0059121,4,Not Specified,12,PASE,51695332                     CASE,SCREW,10.92,9.96,10/20/2023,9.1898,2335.4198
SO0059121-5,SO0059121,5,9/25/2023,PASEIH,9861,SPRAYS,2023,YPT056732,0,Boom cradle's on both booms bent and cracked. There are pictures.,Unknown,Both outer folding frames installed with new pads and screws.  I got other people to look at the cradle position. We couldn't imagine it could be installed any other way. I don't think there is enough support.  Contacting the representative.,Not Mentioned - Not Mentioned,"Valve - Installed, Electrical Valve - Mounted, Manual Shutoff - Mounted, Recirculation System - Installed",SO0059121,5,Not Specified,12,PASE,51693959                     CASE,WASHER,21.48,19.68,10/20/2023,9.1898,2335.4198
SO0059121-6,SO0059121,6,9/25/2023,PASEIH,9861,SPRAYS,2023,YPT056732,0,Boom cradle's on both booms bent and cracked. There are pictures.,Unknown,Both outer folding frames installed with new pads and screws.  I got other people to look at the cradle position. We couldn't imagine it could be installed any other way. I don't think there is enough support.  Contacting the representative.,"Not Installed - Light, Not Installed - Light","Light - Installed, Sight Gauge Light - Installed",SO0059121,6,Not Specified,2,PASE,51693900                     CASE,BUMPER,92.62,84.98,10/20/2023,9.1898,2335.4198
SO0059125-1,SO0059125,1,9/25/2023,PASEIH,9861,SPRAYS,2023,YPT056732,0,Boom cradle's on both booms bent and cracked. There are pictures.,Unknown,Both outer folding frames installed with new pads and screws.  I got other people to look at the cradle position. We couldn't imagine it could be installed any other way. I don't think there is enough support.  Contacting the representative.,Not Mentioned - Not Mentioned,No Component Mentioned - No Component Mentioned,SO0059125,1,Not Specified,2,PASE,51693913                     CASE,BRACKET,25.3799,23.28,10/20/2023,9.1898,2335.4198
SO0059125-2,SO0059125,2,9/25/2023,PASEIH,9861,SPRAYS,2023,YPT056732,0,Missing parts to hook up air line. Operator wanted machine. He said we could install later.GREASE.After installing parts on test it caused RECULATION plumbing to leak. Pressure regulator on order. To drop air pressure  to 55 PSI. AS told to me on a assist,Unknown,"Install missing parts. I have been running the Boom recirculation system with no leaks.  Then when I tested the air purge system, three of them were leaking. Air blows out of the port.  Installed pressure regulator to reduce air pressure to 55 psi. The system works without any problems.",Not Mentioned - Not Mentioned,"Legacy Cradle - Installed, Air Cylinder - Swapped, Left Boom - Installed, Valve Block - Installed",SO0059125,2,Not Specified,1,PASE,90424998                     CASE,FITTING,4.5899,4.21,10/20/2023,5.62,1129.0795
SO0059150-1,SO0059150,1,9/25/2023,PASEIH,9861,SPRAYS,2023,YPT056732,0,Missing parts to hook up air line. Operator wanted machine. He said we could install later.GREASE.After installing parts on test it caused RECULATION plumbing to leak. Pressure regulator on order. To drop air pressure  to 55 PSI. AS told to me on a assist,Unknown,"Install missing parts. I have been running the Boom recirculation system with no leaks.  Then when I tested the air purge system, three of them were leaking. Air blows out of the port.  Installed pressure regulator to reduce air pressure to 55 psi. The system works without any problems.","Out of Range - Sensor, Not Mentioned - XRT, Locked - Boom","XRT System - Recalibrated, Sensor - Recalibrated, Boom Cradle Lock Pin - Changed",SO0059150,1,Not Specified,1,PASE,47888706                     CASE,GASKET,2.73,2.1201,10/20/2023,5.62,1129.0795
SO0059151-3,SO0059151,3,9/25/2023,PASEIH,9861,SPRAYS,2023,YPT056732,0,Missing parts to hook up air line. Operator wanted machine. He said we could install later.GREASE.After installing parts on test it caused RECULATION plumbing to leak. Pressure regulator on order. To drop air pressure  to 55 PSI. AS told to me on a assist,Unknown,"Install missing parts. I have been running the Boom recirculation system with no leaks.  Then when I tested the air purge system, three of them were leaking. Air blows out of the port.  Installed pressure regulator to reduce air pressure to 55 psi. The system works without any problems.",Not Mentioned - Not Mentioned,No Component Mentioned - No Component Mentioned,SO0059151,3,Not Specified,1,PASE,BN313773                     CASE,CLAMP,7.69,7.0501,10/20/2023,5.62,1129.0795
SO0059159-1,SO0059159,1,9/25/2023,PASEIH,9861,SPRAYS,2023,YPT056732,0,Missing parts to hook up air line. Operator wanted machine. He said we could install later.GREASE.After installing parts on test it caused RECULATION plumbing to leak. Pressure regulator on order. To drop air pressure  to 55 PSI. AS told to me on a assist,Unknown,"Install missing parts. I have been running the Boom recirculation system with no leaks.  Then when I tested the air purge system, three of them were leaking. Air blows out of the port.  Installed pressure regulator to reduce air pressure to 55 psi. The system works without any problems.",Dirty - Machine,"Window - Cleaned, Air Hose - Added, Air Fitting - Added, Fire Extinguisher - Added, First Aid Kit - Added",SO0059159,1,Not Specified,2,PASE,BN73502                      CASE,PLUG,5.46,5,10/20/2023,5.62,1129.0795
SO0059169-1,SO0059169,1,9/25/2023,PASEIH,9861,SPRAYS,2023,YPT056732,0,Missing parts to hook up air line. Operator wanted machine. He said we could install later.GREASE.After installing parts on test it caused RECULATION plumbing to leak. Pressure regulator on order. To drop air pressure  to 55 PSI. AS told to me on a assist,Unknown,"Install missing parts. I have been running the Boom recirculation system with no leaks.  Then when I tested the air purge system, three of them were leaking. Air blows out of the port.  Installed pressure regulator to reduce air pressure to 55 psi. The system works without any problems.","Noise - Differential, Not Moved - Unit","Final Drive Assembly - Removed, Axle Shaft - Removed, No Component Mentioned - Installed, Rear Differential Housing - Cleaned",SO0059169,1,Not Specified,1,PASE,90424999                     CASE,FITTING,5.57,5.11,10/20/2023,5.62,1129.0795
SO0059169-2,SO0059169,2,9/25/2023,PASEIH,9861,SPRAYS,2023,YPT056732,0,Missing parts to hook up air line. Operator wanted machine. He said we could install later.GREASE.After installing parts on test it caused RECULATION plumbing to leak. Pressure regulator on order. To drop air pressure  to 55 PSI. AS told to me on a assist,Unknown,"Install missing parts. I have been running the Boom recirculation system with no leaks.  Then when I tested the air purge system, three of them were leaking. Air blows out of the port.  Installed pressure regulator to reduce air pressure to 55 psi. The system works without any problems.",Leak - Air Bag,Front Airbag - Replaced,SO0059169,2,Not Specified,1,PASE,90392517                     CASE,VALVE  CHECK,40.3699,37.0399,10/20/2023,5.62,1129.0795
SO0059169-5,SO0059169,5,9/25/2023,PASEIH,9861,SPRAYS,2023,YPT056732,0,Missing parts to hook up air line. Operator wanted machine. He said we could install later.GREASE.After installing parts on test it caused RECULATION plumbing to leak. Pressure regulator on order. To drop air pressure  to 55 PSI. AS told to me on a assist,Unknown,"Install missing parts. I have been running the Boom recirculation system with no leaks.  Then when I tested the air purge system, three of them were leaking. Air blows out of the port.  Installed pressure regulator to reduce air pressure to 55 psi. The system works without any problems.","Leak - Turbo, Leak - Turbo","Hose - Replaced, Clamp - Removed, Tube - Removed",SO0059169,5,Not Specified,0,PASE,87267540                     CASE,ELBOW,0,0,10/20/2023,5.62,1129.0795
SO0059170-1,SO0059170,1,9/25/2023,PASEIH,9861,SPRAYS,2023,YPT056732,0,Missing parts to hook up air line. Operator wanted machine. He said we could install later.GREASE.After installing parts on test it caused RECULATION plumbing to leak. Pressure regulator on order. To drop air pressure  to 55 PSI. AS told to me on a assist,Unknown,"Install missing parts. I have been running the Boom recirculation system with no leaks.  Then when I tested the air purge system, three of them were leaking. Air blows out of the port.  Installed pressure regulator to reduce air pressure to 55 psi. The system works without any problems.",Leak - Box,"Drive Line - Removed, Yoke - Removed",SO0059170,1,Not Specified,1,PASE,90424997                     CASE,FITTING,3.54,3.25,10/20/2023,5.62,1129.0795
SO0059170-2,SO0059170,2,9/25/2023,PASEIH,9861,SPRAYS,2023,YPT056732,0,Missing parts to hook up air line. Operator wanted machine. He said we could install later.GREASE.After installing parts on test it caused RECULATION plumbing to leak. Pressure regulator on order. To drop air pressure  to 55 PSI. AS told to me on a assist,Unknown,"Install missing parts. I have been running the Boom recirculation system with no leaks.  Then when I tested the air purge system, three of them were leaking. Air blows out of the port.  Installed pressure regulator to reduce air pressure to 55 psi. The system works without any problems.",Leak - Wheel,"Wheel Seal - Replaced, Brake Shoe - Installed",SO0059170,2,Not Specified,1,PASE,90391067                     CASE,FITTING,8.1899,7.5099,10/20/2023,5.62,1129.0795
SO0059173-1,SO0059173,1,9/25/2023,PASEIH,9861,SPRAYS,2023,YPT056732,0,To get machine in shop to install boom recirculate system and install missing Boom Air purge part. Also to replace broken boom cradle.,Unknown,Drain the water and used boom flush system to empty the product boom.  Fill the flush tank and product tank with R/V antifreeze. Run flushing system. Run the boom circulation system and the spray system. Empty product tank. The liquid from the tan looked weak. Check with Refractor,Leak - Axle,No Component Mentioned - No Component Mentioned,SO0059173,1,Not Specified,1,PICK,103060                       MISC,HOWES FUEL TREATMENT,36.5099,24.99,10/20/2023,8.1498,2046.5796
SO0059177-1,SO0059177,1,9/25/2023,PASEIH,9861,SPRAYS,2023,YPT056732,0,To get machine in shop to install boom recirculate system and install missing Boom Air purge part. Also to replace broken boom cradle.,Unknown,Drain the water and used boom flush system to empty the product boom.  Fill the flush tank and product tank with R/V antifreeze. Run flushing system. Run the boom circulation system and the spray system. Empty product tank. The liquid from the tan looked weak. Check with Refractor,Blowing Hot - Air Conditioner,System - Added Freon,SO0059177,1,Not Specified,2,PICK,M1010                        MISC,RV ANTI FREEZE,520.6598,390.5,10/20/2023,8.1498,2046.5796
SO0059180-1,SO0059180,1,10/3/2023,PASEIH,9861,SPRAYS,,YPT056819,64.5999,10-16-2023 - Cutomer needed the sprayer to finish for the season. Will bring back in to complete the work.1-23-24 customer brought unit back for repair.NCV's woulds randomly shut off.,"Bad poppets, tied harnesses up better , and tested unit.","All valve plugs were removed and resealed, all O-rings for each nozzle were installed, wiring harnesses were better secured, and the unit was tested. Everything worked and worked as it should",Not Sliding - Axle,"Left Rear Axle - Removed, Liner - Removed, No Component Mentioned - Used Grinder, No Component Mentioned - Cleaned, Axle Tube Housing - Painted, Plastic Liner - Installed",SO0059180,1,Not Specified,72,PASE,90410207                     CASE,KIT,3078.72,2565.36,3/5/2024,17.2396,6096.1298
SO0059182-1,SO0059182,1,10/3/2023,PASEIH,9861,SPRAYS,,YPT056819,64.5999,10-16-2023 - Cutomer needed the sprayer to finish for the season. Will bring back in to complete the work.1-23-24 customer brought unit back for repair.NCV's woulds randomly shut off.,"Bad poppets, tied harnesses up better , and tested unit.","All valve plugs were removed and resealed, all O-rings for each nozzle were installed, wiring harnesses were better secured, and the unit was tested. Everything worked and worked as it should",Broken - Valve,"Valve - Replaced, Valve Motor - Reinstalled, Gasket - Replaced",SO0059182,1,Not Specified,2,PASE,73344231                     CASE,OIL  ENGINE,12.58,9.57,3/5/2024,17.2396,6096.1298
SO0059182-3,SO0059182,3,10/3/2023,PASEIH,6780,APPL,,JFGYF44BHKT048637,2535,ENGINE DERATED AND SCR FAULT,DOSING MODULE WENT BAD19173 DEF DOSING VALVE ACTUATOR SHORT CIRCUIT TO BATTERY IN HIGH SIDE FAILUREALSO FOUND WATER IN ECU CONNECTION,DRIVE TO KEY COOHOOKHOOKED EST TO FLOAT FOUND SCR ERROR 19173 DEF METERING VALVE ACTUATOR SHORT TO BATTERY IN HIGH ERROR NEW METERING MODULE LOOK UP HAVE SPEAKED TO KEY COOP GUY - HE WILL TALK TO THE BOSS AND SEE IF YOU WANT TO DO IT C,Not Mentioned - Not Mentioned,"Coupler - Installed, Spray Tip - Installed, Mount Bar - Installed, Float Tire - Installed",SO0059182,3,Not Specified,0,PASE,87519307                     CASE,SENSOR,0,0,10/26/2023,9.4198,2884.6198
SO0059182-4,SO0059182,4,10/3/2023,PASEIH,6780,APPL,,JFGYF44BHKT048637,2535,ENGINE DERATED AND SCR FAULT,DOSING MODULE WENT BAD19173 DEF DOSING VALVE ACTUATOR SHORT CIRCUIT TO BATTERY IN HIGH SIDE FAILUREALSO FOUND WATER IN ECU CONNECTION,DRIVE TO KEY COOHOOKHOOKED EST TO FLOAT FOUND SCR ERROR 19173 DEF METERING VALVE ACTUATOR SHORT TO BATTERY IN HIGH ERROR NEW METERING MODULE LOOK UP HAVE SPEAKED TO KEY COOP GUY - HE WILL TALK TO THE BOSS AND SEE IF YOU WANT TO DO IT C,Not Mentioned - Not Mentioned,"Light - Installed, No Component Mentioned - Reconfigured, Light - Reset",SO0059182,4,Not Specified,1,PASE,5802513624R                  CASE,REMAN ELECT CONTROL,1320,849.56,10/26/2023,9.4198,2884.6198
SO0059189-1,SO0059189,1,10/3/2023,PASEIH,6780,APPL,,JFGYF44BHKT048637,2535,ENGINE DERATED AND SCR FAULT,DOSING MODULE WENT BAD19173 DEF DOSING VALVE ACTUATOR SHORT CIRCUIT TO BATTERY IN HIGH SIDE FAILUREALSO FOUND WATER IN ECU CONNECTION,DRIVE TO KEY COOHOOKHOOKED EST TO FLOAT FOUND SCR ERROR 19173 DEF METERING VALVE ACTUATOR SHORT TO BATTERY IN HIGH ERROR NEW METERING MODULE LOOK UP HAVE SPEAKED TO KEY COOP GUY - HE WILL TALK TO THE BOSS AND SEE IF YOU WANT TO DO IT C,Vibrated - XRT,XRT Sensor - Recalibrated,SO0059189,1,Not Specified,0,PASE,5802855463R                  CASE,REMAN-MODULE,0,0,10/26/2023,9.4198,2884.6198
SO0059190-1,SO0059190,1,10/4/2023,PASEIH,9861,SPRAYS,,YPT056989,13.35,PERFORM PIP CS0723 PROCEDURES.,MANDATORY PIP REPAIR.,LEVEL 1: SETUP CONNECTED EST AUTOFOLD NODE FOR PROGRAMMING AND UPDATING SOFTWARE,"Error Code - ECM, Cut - Wire","Chassis Wire Harness - Replaced, ECM - Assigned",SO0059190,1,Not Specified,1,PASE,47995115                     CASE,TRANSDUCER,415.06,319.28,10/27/2023,5.9199,1425.16
SO0059190-2,SO0059190,2,10/17/2023,PASEIH,9861,SPRAYS,,YPT056989,95,CAB AIR SEAT WILL NOT AIR UP.,LEAKING FITTING ON TOP OF SEAT AIRBAG.HOSE TO AIRBAG IS ROUGH ON SEALING EDGE.,SWITCH ON AIR SEAT PRESSED AND PUMP TURNED ON. PERMIT THE PUMP TO PERFORM NORMAL CYCLE. The pump was beeping erratically and could hear air leakage. The top of the armrest was removed to check for leaks at the switch. There were no leaks at the common leak location. Armrest cover attached. Slipped seat A,Not Mentioned - Not Mentioned,"Boom Valve - Installed, Tilt Cylinder - Installed",SO0059190,2,Not Specified,1,PASE,47598709                     CASE,KIT  SERVICE,277.55,213.5,11/9/2023,8.5,2441.87
SO0059190-3,SO0059190,3,11/8/2023,PASEIH,9991,SPRAYS,,KJT047021,2485,Trident project 1426.Customer request to pull all engine data..Also engine would run extremely rough and die.,Hooked up EST and found erratic fault codes for all 6 injectors..Examined and checked over harness and found ECM faulty,"Engine data retrieved and files sent to cnh. New engine control module installed, software loaded and unit running and tested.",Not Spraying - No Component Mentioned,No Component Mentioned - No Component Mentioned,SO0059190,3,Not Specified,1,PASE,84499733R                    CASE,REMAN ELECT CONTROL,1650,1095.49,12/27/2023,10.0198,4590.5599
SO0059190-4,SO0059190,4,11/8/2023,PASEIH,9991,SPRAYS,,KJT047021,2485,Trident project 1426.Customer request to pull all engine data..Also engine would run extremely rough and die.,Hooked up EST and found erratic fault codes for all 6 injectors..Examined and checked over harness and found ECM faulty,"Engine data retrieved and files sent to cnh. New engine control module installed, software loaded and unit running and tested.",Not Raised - Mast,No Component Mentioned - No Component Mentioned,SO0059190,4,Not Specified,-1,PASE,84499733C                    CASE,REMAN ELECT CONT - CORE,-100,-100,12/27/2023,10.0198,4590.5599
SO0059193-1,SO0059193,1,11/8/2023,PASEIH,9991,SPRAYS,,KJT047021,2485,Trident project 1426.Customer request to pull all engine data..Also engine would run extremely rough and die.,Hooked up EST and found erratic fault codes for all 6 injectors..Examined and checked over harness and found ECM faulty,"Engine data retrieved and files sent to cnh. New engine control module installed, software loaded and unit running and tested.",Not Mentioned - Unit,No Component Mentioned - No Component Mentioned,SO0059193,1,Not Specified,0,PASE,84499733                     CASE,ELECTRONIC CONTR,0,0,12/27/2023,10.0198,4590.5599
SO0059194-1,SO0059194,1,11/8/2023,PASEIH,9991,SPRAYS,,KJT047021,2485,Trident project 1426.Customer request to pull all engine data..Also engine would run extremely rough and die.,Hooked up EST and found erratic fault codes for all 6 injectors..Examined and checked over harness and found ECM faulty,"Engine data retrieved and files sent to cnh. New engine control module installed, software loaded and unit running and tested.",Not Cooling - Air Conditioner,"Compressor - Reinstalled, No Component Mentioned - Recharged",SO0059194,1,Not Specified,1,PASE,5802229065                   CASE,HARNESS  WIRE,790,507.38,12/27/2023,10.0198,4590.5599
SO0059194-2,SO0059194,2,11/9/2023,PASEIH,9861,SPRAYS,,YPT056990,23,OIL LEAK ON REAR OF SPRAYER,POOR CRIMP ON HOSE,"I went to the farm, ran the sprayer and discovered that the hose from the tank to the water pump was leaking. I took the line off the pump, checked that the oring was OK, and found that the line was cracked. I went back to the store and ordered parts.  I went to the farm and drained the water",Not Cooling - Air Conditioner,"Line - Installed, No Component Mentioned - Recharged",SO0059194,2,Not Specified,3,PASE,238-6225                     CASE,O-RING,4.98,3.51,1/18/2024,4.36,1254.3699
SO0059201-8,SO0059201,8,11/9/2023,PASEIH,9861,SPRAYS,,YPT056990,23,OIL LEAK ON REAR OF SPRAYER,POOR CRIMP ON HOSE,"I went to the farm, ran the sprayer and discovered that the hose from the tank to the water pump was leaking. I took the line off the pump, checked that the oring was OK, and found that the line was cracked. I went back to the store and ordered parts.  I went to the farm and drained the water",GPS Issue - Antenna,"Antenna - Removed, Antenna - Installed, Harness - Installed, No Component Mentioned - Configured",SO0059201,8,Not Specified,1,PASE,51698635                     CASE,HOSE,205.34,144.92,1/18/2024,4.36,1254.3699
SO0059202-1,SO0059202,1,11/9/2023,PASEIH,9861,SPRAYS,,YPT056990,23,OIL LEAK ON REAR OF SPRAYER,POOR CRIMP ON HOSE,"I went to the farm, ran the sprayer and discovered that the hose from the tank to the water pump was leaking. I took the line off the pump, checked that the oring was OK, and found that the line was cracked. I went back to the store and ordered parts.  I went to the farm and drained the water","Leak - Cylinder, Leak - Cylinder","Hose - Reinstalled, Hytran - Filled",SO0059202,1,Not Specified,1,PASE,73344328                     CASE,OIL HV46 5GAL HYDRAULIC,120.12,84.96,1/18/2024,4.36,1254.3699
SO0059222-2,SO0059222,2,11/27/2023,PASEIH,9861,SPRAYS,,YPT057018,265,Condenser loose.,Faulty bolts in bracketPN: 47953465Unit Hrs: 265,"Machine driven into the workshop. It was discovered that the capacitor holder was broken. Connect the AC machine to the device. Restore air conditioning. Remove capacitor/holder. I wanted to install a new capacitor/bracket and realized it was wrong. The customer needed a machine. New, larger threads inserted","Damaged - Drive Line, Cracked - Transfer Case, Cracked - Engine, Not Mentioned - Drive Line, Cracked - Transmission","Transmission Yoke - Removed, Yoke - Installed, Yoke - Retightened, U Joint - Removed, U Joint - Installed, Drive Line Spline - Used Grinder, Drive Line - Installed",SO0059222,2,Not Specified,0,PASE,91847632                     CASE,CONDENSER,0,0,3/7/2024,2.5499,478.42
SO0059223-2,SO0059223,2,11/27/2023,PASEIH,9861,SPRAYS,,YPT057018,265,Condenser loose.,Faulty bolts in bracketPN: 47953465Unit Hrs: 265,"Machine driven into the workshop. It was discovered that the capacitor holder was broken. Connect the AC machine to the device. Restore air conditioning. Remove capacitor/holder. I wanted to install a new capacitor/bracket and realized it was wrong. The customer needed a machine. New, larger threads inserted",Oil Leak - Hydraulic Pump,"Hydraulic Pump - Removed, Hydraulic Pump - Installed",SO0059223,2,Not Specified,4,PICK,FREON                        MISC,FREON/LB,40.32,33.2,3/7/2024,2.5499,478.42
SO0059223-3,SO0059223,3,11/27/2023,PASEIH,9861,SPRAYS,,YPT057018,265,Condenser loose.,Faulty bolts in bracketPN: 47953465Unit Hrs: 265,"Machine driven into the workshop. It was discovered that the capacitor holder was broken. Connect the AC machine to the device. Restore air conditioning. Remove capacitor/holder. I wanted to install a new capacitor/bracket and realized it was wrong. The customer needed a machine. New, larger threads inserted","Rough - Machine, Blocked - Port, Blocked - Screen","Air Leveling Valve - Replaced, Air Leveling Valve - Cleaned",SO0059223,3,Not Specified,0,PASE,51587211                     CASE,LAMP,0,0,3/7/2024,2.5499,478.42
SO0059223-4,SO0059223,4,11/27/2023,PASEIH,9861,SPRAYS,,YPT057018,265,Condenser loose.,Faulty bolts in bracketPN: 47953465Unit Hrs: 265,"Machine driven into the workshop. It was discovered that the capacitor holder was broken. Connect the AC machine to the device. Restore air conditioning. Remove capacitor/holder. I wanted to install a new capacitor/bracket and realized it was wrong. The customer needed a machine. New, larger threads inserted",Oil Leak - Pump,"Quick Connect Software - Replaced, O Ring - Replaced",SO0059223,4,Not Specified,0,PASE,47970441                     CASE,KIT,0,0,3/7/2024,2.5499,478.42
SO0059223-5,SO0059223,5,11/27/2023,PASEIH,9861,SPRAYS,,YPT057018,265,Condenser loose.,Faulty bolts in bracketPN: 47953465Unit Hrs: 265,"Machine driven into the workshop. It was discovered that the capacitor holder was broken. Connect the AC machine to the device. Restore air conditioning. Remove capacitor/holder. I wanted to install a new capacitor/bracket and realized it was wrong. The customer needed a machine. New, larger threads inserted","Damaged - Intake, Damaged - Elbow, Damaged - Clamp","Intake - Replaced, Clamp - Replaced, O Ring - Replaced",SO0059223,5,Not Specified,0,PASE,47939670                     CASE,CONDENSER,0,0,3/7/2024,2.5499,478.42
SO0059223-7,SO0059223,7,11/27/2023,PASEIH,9861,SPRAYS,,YPT057018,265,Condenser loose.,Faulty bolts in bracketPN: 47953465Unit Hrs: 265,"Machine driven into the workshop. It was discovered that the capacitor holder was broken. Connect the AC machine to the device. Restore air conditioning. Remove capacitor/holder. I wanted to install a new capacitor/bracket and realized it was wrong. The customer needed a machine. New, larger threads inserted",Oil Leak - Cab,"Power Steering Hose - Replaced, Hydraulic Reservoir - Topped Off, No Component Mentioned - Cleaned, No Component Mentioned - Tested",SO0059223,7,Not Specified,4,OLD POLLAND,570821                       NEWHOL,SLF TAP SCREW,3,1.9199,3/7/2024,2.5499,478.42
SO0059223-8,SO0059223,8,11/27/2023,PASEIH,9861,SPRAYS,,YPT057018,265,Heahlight broke,faulty brackets on light assemblyPN: 51587211Unit Hrs: 265,Remove and replace headlights. Adjust headlights. Operate to verify repair,Low - Tank,"Radiator Cap - Replaced, Coolant System - Topped Off, Engine - Cleaned",SO0059223,8,Not Specified,1,PASE,51587211                     CASE,LAMP,267.05,168.27,3/7/2024,0.55,360.9
SO0059224-1,SO0059224,1,11/27/2023,PASEIH,9861,SPRAYS,,YPT057018,265,Fuel door seal falling off,faulty seal. PN: 92039840Units Hrs: 265,The customer states that the seal around the fuel filler flap is coming loose. The customer took home a new seal and will replace it himself.,"Damaged - Boom, Not Torqued - Fastener","Bolt - Replaced, Left Wing Slide Pad - Retightened",SO0059224,1,Not Specified,1,PASE,92039839                     CASE,GASKET,4.4199,3.12,3/7/2024,0,12.8099
SO0059227-1,SO0059227,1,11/27/2023,PASEIH,9861,SPRAYS,,YPT057018,265,Fuel door seal falling off,faulty seal. PN: 92039840Units Hrs: 265,The customer states that the seal around the fuel filler flap is coming loose. The customer took home a new seal and will replace it himself.,Leak - No Component Mentioned,Hub - Reassembled,SO0059227,1,Not Specified,1,PASE,92039840                     CASE,GASKET,5.27,3.72,3/7/2024,0,12.8099
SO0059256-2,SO0059256,2,11/27/2023,PASEIH,9861,SPRAYS,,YPT057018,265,Fuel door seal falling off,faulty seal. PN: 92039840Units Hrs: 265,The customer states that the seal around the fuel filler flap is coming loose. The customer took home a new seal and will replace it himself.,"Blown - Air Conditioner, Not Mentioned - Steering","Compressor - Replaced, Panel - Removed",SO0059256,2,Not Specified,1,PASE,92039838                     CASE,GASKET,3.12,2.2,3/7/2024,0,12.8099
SO0059266-1,SO0059266,1,11/28/2023,PASEIH,9861,SPRAYS,2023,JFGYS435JPT058169,0,UNLOAD SET UP & PDI,Unknown,WASHED SYRINGE COMPLETE MACHINE AND PDILLERN THE NEWER MACHINE AND NEW MONITOR SYSTEMS HAVE WINTERIZED THE MACHINE AFTER THE PDITECH RYAN,Leak - Motor,No Component Mentioned - No Component Mentioned,SO0059266,1,Not Specified,2,PASE,86050202                     CASE,214-1432 CLAMP,1.96,1.1599,12/26/2023,43.7592,7569.1997
SO0059284-11,SO0059284,11,11/28/2023,PASEIH,9861,SPRAYS,2023,JFGYS435JPT058169,20,THE AIR VALVE TO PURGE THE BOOMS WOULD NOT OPEN,PURGE VALVE FAILED,ATTEMPT TO FLUSH THE BOOM WITH AIR - NO AIR PRESSURE BROUGHT THE MACHINE TO OPERATION AND CHECKED GROUND ON THE VALVE - OK. A jumper cable was used to provide power to the signal cable - NO RESPONSE. COMPRESSED AIR REMOVED FROM THE MACHINE,Not Mentioned - Sensor,"Bin Level Sensor - Replaced, Bin - Updated, Bin Level Sensor - Recalibrated",SO0059284,11,CAUSAL PART - 80984071,1,PASE,90391065                     CASE,VALVE,137.2,96.8299,12/26/2023,3.27,730.7099
SO0059284-12,SO0059284,12,11/29/2023,PASEIH,9861,SPRAYS,2024,JFGYS445CPT058164,0,install extra camerawaiting for Boom Recirculation Kit. ** will be after sales,Unknown,Tips installed and tested,Not Retaining - Battery,"Battery - Replaced, Cable - Replaced",SO0059284,12,Not Specified,85,PASE,ER110-125CIH25               CASE,SSTIP/CAP - TEAL,667.25,467.5,1/18/2024,3.0499,1879.43
SO0059284-13,SO0059284,13,11/29/2023,PASEIH,9861,SPRAYS,2024,JFGYS445CPT058164,0,PDI,Unknown,Replace the leaking O-ring on the drive pump. Image Shorten the right product hose that was kinked. image adj. eng. Coolant to -38 degrees.  It was -20 degrees. Check for loose hyd. and air fittings.     Too cold to check product system. Ben worked on the GPS system c,Creeped - Belt,Bypass Valve - Replaced,SO0059284,13,Not Specified,3,PASE,73344302                     CASE,OAT COOLANT,70.5,55.2599,1/18/2024,18.5697,3624.2198
SO0059284-3,SO0059284,3,11/28/2023,PASEIH,9861,SPRAYS,2023,JFGYS435JPT058169,0,UNLOAD SET UP & PDI,Unknown,WASHED SYRINGE COMPLETE MACHINE AND PDILLERN THE NEWER MACHINE AND NEW MONITOR SYSTEMS HAVE WINTERIZED THE MACHINE AFTER THE PDITECH RYAN,Inoperative - Switch,Boom Switch - Replaced,SO0059284,3,Not Specified,20,PICK,RV-50                        MISC,ANTIFREEZE,163.2,106,12/26/2023,43.7592,7569.1997
SO0059284-4,SO0059284,4,11/28/2023,PASEIH,9861,SPRAYS,2023,JFGYS435JPT058169,0,UNLOAD SET UP & PDI,Unknown,WASHED SYRINGE COMPLETE MACHINE AND PDILLERN THE NEWER MACHINE AND NEW MONITOR SYSTEMS HAVE WINTERIZED THE MACHINE AFTER THE PDITECH RYAN,Not Mentioned - Machine,"Engine - Drained, Engine Oil Filter - Replaced, Engine Air Filter - Replaced, Hydraulic System - Drained, Hydraulic Filter - Replaced, Hydraulic Oil Reservoir - Refilled, Breather Cap - Replaced",SO0059284,4,Not Specified,1,DEVRE ENTERPRISE,BOLT-Q                       TRINIT,BOLT BY QUARTER POUND,5.1399,1.3,12/26/2023,43.7592,7569.1997
SO0059284-4,SO0059284,4,11/28/2023,PASEIH,9861,SPRAYS,2023,JFGYS435JPT058169,0,UNLOAD SET UP & PDI,Unknown,WASHED SYRINGE COMPLETE MACHINE AND PDILLERN THE NEWER MACHINE AND NEW MONITOR SYSTEMS HAVE WINTERIZED THE MACHINE AFTER THE PDITECH RYAN,Not Mentioned - Machine,"Engine - Drained, Engine Oil Filter - Replaced, Engine Air Filter - Replaced, Hydraulic System - Drained, Hydraulic Filter - Replaced, Hydraulic Oil Reservoir - Refilled, Breather Cap - Replaced",SO0059284,4,Not Specified,1,DEVRE ENTERPRISE,BOLT-Q                       TRINIT,BOLT BY QUARTER POUND,5.1399,1.3,12/26/2023,43.7592,7569.1997
SO0059284-5,SO0059284,5,11/28/2023,PASEIH,9861,SPRAYS,2023,JFGYS435JPT058169,0,INSTALL RECIRCULATION KITSPRAYER TIPSDELIVERY,Unknown,I have installed the feedback kit on the machine and am familiar with the kit and its functions. Had difficulty getting the RCM computer to recognize the kit installation,"Worn - Steering, Missed - No Component Mentioned","Cotter Pin - Removed, Nut - Unbolted, Steering Arm - Air Hammered, Top Bolt - Cut, Clamp - Unbolted, Cylinder - Removed, No Component Mentioned - Cleaned",SO0059284,5,Not Specified,5,PASE,BN570007                     CASE,STRAP,10.5,4.7999,12/26/2023,15.1297,3790.4199
SO0059284-6,SO0059284,6,11/28/2023,PASEIH,9861,SPRAYS,2023,JFGYS435JPT058169,0,INSTALL RECIRCULATION KITSPRAYER TIPSDELIVERY,Unknown,I have installed the feedback kit on the machine and am familiar with the kit and its functions. Had difficulty getting the RCM computer to recognize the kit installation,"Broken - Antenna, Stripped Thread - Antenna",Antenna - Replaced,SO0059284,6,Not Specified,72,PICK,40291-08                     MISC,SPRAY TIP,1266.48,886.32,12/26/2023,15.1297,3790.4199
SO0059284-8,SO0059284,8,11/28/2023,PASEIH,9861,SPRAYS,2023,JFGYS435JPT058169,0,INSTALL RECIRCULATION KITSPRAYER TIPSDELIVERY,Unknown,I have installed the feedback kit on the machine and am familiar with the kit and its functions. Had difficulty getting the RCM computer to recognize the kit installation,Faulty - Wiper,Wiper Blade - Replaced,SO0059284,8,Not Specified,1,PICK,5212                         MISC,CLAMP,2.5,1.02,12/26/2023,15.1297,3790.4199
SO0059289-1,SO0059289,1,11/29/2023,PASEIH,9861,SPRAYS,2024,JFGYS445CPT058164,0,PDI,Unknown,Replace the leaking O-ring on the drive pump. Image Shorten the right product hose that was kinked. image adj. eng. Coolant to -38 degrees.  It was -20 degrees. Check for loose hyd. and air fittings.     Too cold to check product system. Ben worked on the GPS system c,"Inoperative - Light, Inoperative - Light, Inoperative - Flasher, Bent - Flasher, Broken - Fender, Inoperative - Beacon","Rear Light - Replaced, Right Rear Fender Light - Replaced, Right Rear Cab Light - Repaired",SO0059289,1,Not Specified,1,PASE,9993141                      CASE,O-RING,1.15,0.53,1/18/2024,18.5697,3624.2198
SO0059296-1,SO0059296,1,11/29/2023,PASEIH,9861,SPRAYS,2024,JFGYS445CPT058164,0,PDI,Unknown,Replace the leaking O-ring on the drive pump. Image Shorten the right product hose that was kinked. image adj. eng. Coolant to -38 degrees.  It was -20 degrees. Check for loose hyd. and air fittings.     Too cold to check product system. Ben worked on the GPS system c,"Not Speeding - Fan, Surging - Floor",Pump - Replaced,SO0059296,1,Not Specified,1,PASE,BN302051                     CASE,NIPPLE  LUBE,2.2,1.36,1/18/2024,18.5697,3624.2198
SO0059296-2,SO0059296,2,11/29/2023,PASEIH,9861,SPRAYS,2024,JFGYS445CPT058164,0,PDI,Unknown,Replace the leaking O-ring on the drive pump. Image Shorten the right product hose that was kinked. image adj. eng. Coolant to -38 degrees.  It was -20 degrees. Check for loose hyd. and air fittings.     Too cold to check product system. Ben worked on the GPS system c,Faulty - Air Conditioner,No Component Mentioned - No Component Mentioned,SO0059296,2,Not Specified,1,PICK,WIPEOFF                      MISC,WINDSHIELD CLEAN,6.7999,3.78,1/18/2024,18.5697,3624.2198
SO0059296-5,SO0059296,5,11/29/2023,PASEIH,9861,SPRAYS,2024,JFGYS445CPT058164,0,need rtk,Unknown,"Installed RTK radio on Vector Pro receiver, ordered high accuracy base, unlocked for Vector Pro receiver, entered unlock code in Pro 1200 for receiver, confirmed RTK working",Leak - Pump,Pump - Replaced,SO0059296,5,Not Specified,1,PASE,51415542                     CASE,RADIO,2865,2024.05,11/30/2023,0.38,3047.75
SO0059296-6,SO0059296,6,11/29/2023,PASEIH,9861,SPRAYS,2024,JFGYS445CPT058164,0,need rtk,Unknown,"Installed RTK radio on Vector Pro receiver, ordered high accuracy base, unlocked for Vector Pro receiver, entered unlock code in Pro 1200 for receiver, confirmed RTK working",Not Mentioned - Not Mentioned,No Component Mentioned - No Component Mentioned,SO0059296,6,Not Specified,0,PASE,51526151                     CASE,HARNESS  WIRE,0,0,11/30/2023,0.38,3047.75
SO0059327-1,SO0059327,1,11/29/2023,PASEIH,9861,SPRAYS,2024,JFGYS445CPT058164,0,slingshot harness install and business band radio cable,Unknown,"Installed roof cables and antennas for Slingshot Field Hub cell signal. Took off the rubber cover on the rear right A-post, found the BB radio coaxial cable and provided a power cable for the CB radio",Not Updated - Drive Shaft,"Drive Shaft Shield - Removed, Bell Housing Cover - Removed, Fly Wheel Coupler Drive Shaft - Unbolted, Drive Shaft - Unbolted, Hydro Mount Bolt - Removed, Air Jack - Used, Drive Shaft - Removed, Drive Shaft - Installed",SO0059327,1,Not Specified,1,PASE,187103A1                     CASE,CONNECTOR  ELEC,52.5,36.1199,1/19/2024,1.22,5897.2
SO0059328-12,SO0059328,12,11/29/2023,PASEIH,9861,SPRAYS,2024,JFGYS445CPT058164,0,slingshot harness install and business band radio cable,Unknown,"Installed roof cables and antennas for Slingshot Field Hub cell signal. Took off the rubber cover on the rear right A-post, found the BB radio coaxial cable and provided a power cable for the CB radio",Damaged - Ladder,Lower Ladder - Replaced,SO0059328,12,Not Specified,1,PICK,MD8810                       MISC,Metal Stick On Plate,12.3,8,1/19/2024,1.22,5897.2
SO0059328-8,SO0059328,8,11/29/2023,PASEIH,9861,SPRAYS,2024,JFGYS445CPT058164,0,slingshot harness install and business band radio cable,Unknown,"Installed roof cables and antennas for Slingshot Field Hub cell signal. Took off the rubber cover on the rear right A-post, found the BB radio coaxial cable and provided a power cable for the CB radio",Not Mentioned - Not Mentioned,"Camera Cab System - Installed, Bin - Reconnected, Rear View Camera - Reconnected",SO0059328,8,Not Specified,1,PASE,51449283                     CASE,SOFTWARE BASE HIGH,5625,5625,1/19/2024,1.22,5897.2
SO0059351-1,SO0059351,1,1/18/2024,PASEIH,9861,SPRAYS,,YPT056185,0,PIP CS0223,PIP CS0223,"MILES OUT: 19820 IN: 19992 TOTAL MILES: 172 LOCATION: 1701 US HWY 14W HURON TO 43.769028, -98.971754 Loaded truck and drove to location. PROCEDURE FOLLOWED FOR PIP CS0223: STEP 1 HOSES FOUND HAVE BEEN CHANGED BUT ALL ELECTRICALLY CHECKED. PROCEDURE FOLLOWED FOR PIP",Not Installed - Tarp,"Box - Installed, Roll Tarp - Installed",SO0059351,1,Not Specified,1,PASE,73344336                     CASE,SPIRAX CX50 WHEEL OIL 5 GAL,130.13,92.09,2/6/2024,4.25,1025.9099
SO0059353-1,SO0059353,1,1/23/2024,PASEIH,9861,SPRAYS,2024,JFGYS435LRT058486,8.1999,LEFT BOOM CRADLE ADJUSTER BOLT STRIPPED.,DAMAGE FROM FACTORY.PART NUMBER: 91810724,"When the sprayer showed up, I discovered that the left boom bracket adjustment screw was removed.  Ordered a new adjuster.  Removed the roll pins from the adjuster.  REMOVES INNER MOUNTING BRACKET TO REMOVE ADJUSTER.  REMOVED AND REPLACED THE ADJUSTER.  I","Not Mentioned - Crank Case, Not Mentioned - Rack","Crank Case Filter - Replaced, Rear Rack Slider - Replaced",SO0059353,1,Not Specified,1,PASE,91810724                     CASE,ROD  THREADED,162.41,114.62,3/14/2024,1.3998,416.51
SO0059374-1,SO0059374,1,1/23/2024,PASEIH,9861,SPRAYS,2024,JFGYS435LRT058486,8.1999,INSTALL BOOM RECIRCULATING KIT.,Unknown,"INSTALL BOOM TURNOVER KIT.  Unpacked the kit, went through the boxes and organized the supplies into buckets.  I started working using the installation instructions and noticed that a part in the package did not match the installation instructions. WORKED WITH TYSON, SPRAYER SPEC","Not Mentioned - Block, Inoperative - Blinker, Not Mentioned - Door, Not Mentioned - Steering, Not Mentioned - Filter","Door Seal - Replaced, Steering Cylinder - Replaced, Flasher Module - Replaced, Rack Slider - Replaced",SO0059374,1,Not Specified,3,PASE,400502A1                     CASE,CLAMP,29.85,20.55,3/18/2024,42.049,5055.8998
SO0059386-1,SO0059386,1,1/23/2024,PASEIH,9861,SPRAYS,2024,JFGYS435LRT058486,8.1999,INSTALL BOOM RECIRCULATING KIT.,Unknown,"INSTALL BOOM TURNOVER KIT.  Unpacked the kit, went through the boxes and organized the supplies into buckets.  I started working using the installation instructions and noticed that a part in the package did not match the installation instructions. WORKED WITH TYSON, SPRAYER SPEC",Leak - Motor,O Ring - Replaced,SO0059386,1,Not Specified,1,PASE,405779A1                     CASE,TEE,17.4,11.18,3/18/2024,42.049,5055.8998
SO0059395-1,SO0059395,1,1/23/2024,PASEIH,9861,SPRAYS,2024,JFGYS435LRT058486,8.1999,INSTALL BOOM RECIRCULATING KIT.,Unknown,"INSTALL BOOM TURNOVER KIT.  Unpacked the kit, went through the boxes and organized the supplies into buckets.  I started working using the installation instructions and noticed that a part in the package did not match the installation instructions. WORKED WITH TYSON, SPRAYER SPEC",Leak - Steering,O Ring - Installed,SO0059395,1,Not Specified,1,PASE,408349A1                     CASE,REDUCER,13.45,9.2599,3/18/2024,42.049,5055.8998
SO0059427-1,SO0059427,1,1/23/2024,PASEIH,9861,SPRAYS,2024,JFGYS435LRT058486,8.1999,INSTALL BOOM RECIRCULATING KIT.,Unknown,"INSTALL BOOM TURNOVER KIT.  Unpacked the kit, went through the boxes and organized the supplies into buckets.  I started working using the installation instructions and noticed that a part in the package did not match the installation instructions. WORKED WITH TYSON, SPRAYER SPEC","Not Turning - Motor, Not Turning - Motor, Rate Issue - Spreader, Calibration Issue - Spreader","Supply Valve - Replaced, Coap Valve - Replaced, Coap Valve Cartridge - Replaced",SO0059427,1,Not Specified,6,PASE,603022                       CASE,CLAMP,56.7,26.0399,3/18/2024,42.049,5055.8998
SO0059437-1,SO0059437,1,1/23/2024,PASEIH,9861,SPRAYS,2024,JFGYS435LRT058486,8.1999,INSTALL BOOM RECIRCULATING KIT.,Unknown,"INSTALL BOOM TURNOVER KIT.  Unpacked the kit, went through the boxes and organized the supplies into buckets.  I started working using the installation instructions and noticed that a part in the package did not match the installation instructions. WORKED WITH TYSON, SPRAYER SPEC",Not Controlling - Fan,Valve - Replaced,SO0059437,1,Not Specified,1,PASE,BN304321                     CASE,ELBOW,10.7,6.87,3/18/2024,42.049,5055.8998
SO0059441-10,SO0059441,10,2/15/2024,PASEIH,9991,SPRAYS,2022,JFGYCC89ENT054969,1275,CUSTOMER CALLED AND STATED THAT MACHINE WAS LOOSING FUEL PRESSURE,"Faulty injection pump that contaminated the entire fuel system with metallic debris, thus requiring all hi-psi components to be replaced, fuel tank drained and entire fuel system to flushed, per THD  ** EST WOULD NOT CONNECT TO RETRIEVE & DOWNLOAD ECU DAT","09/24/704: Arrived at the machine and code 3141 triggered an alarm and shut down the machine. After removing the old filters and installing two new filters, the customer ran the machine for almost an hour without problems, then code 3141 reactivated and performance degraded","Pressure Issue - Pump, Not Turning On - Pump",No Component Mentioned - No Component Mentioned,SO0059441,10,40507AG10   9 wu x 5               TOTAL SRT= 000 WU40507AF93    5 wu x 5 40547AI80     0 wu40543AA10  40 wu40543AA29    0 wu x 540543AA22    5 wu x 540543AA23    5 wu x 540543AB35   50 wu40543AE05   73 wu - uplift for additional TS time to idenitify caus,1,PASE,504126985                    CASE,PIPE  INJECTION,76.4401,53.73,3/21/2024,40.2297,19363.9199
SO0059441-11,SO0059441,11,2/15/2024,PASEIH,9991,SPRAYS,2022,JFGYCC89ENT054969,1275,CUSTOMER CALLED AND STATED THAT MACHINE WAS LOOSING FUEL PRESSURE,"Faulty injection pump that contaminated the entire fuel system with metallic debris, thus requiring all hi-psi components to be replaced, fuel tank drained and entire fuel system to flushed, per THD  ** EST WOULD NOT CONNECT TO RETRIEVE & DOWNLOAD ECU DAT","09/24/704: Arrived at the machine and code 3141 triggered an alarm and shut down the machine. After removing the old filters and installing two new filters, the customer ran the machine for almost an hour without problems, then code 3141 reactivated and performance degraded",Not Installed - Slingshot,Slingshot - Installed,SO0059441,11,40507AG10   9 wu x 5               TOTAL SRT= 000 WU40507AF93    5 wu x 5 40547AI80     0 wu40543AA10  40 wu40543AA29    0 wu x 540543AA22    5 wu x 540543AA23    5 wu x 540543AB35   50 wu40543AE05   73 wu - uplift for additional TS time to idenitify caus,1,PASE,5801612320                   CASE,FILTER  FUEL,521.43,357.8299,3/21/2024,40.2297,19363.9199
SO0059441-12,SO0059441,12,2/15/2024,PASEIH,9991,SPRAYS,2022,JFGYCC89ENT054969,1275,CUSTOMER CALLED AND STATED THAT MACHINE WAS LOOSING FUEL PRESSURE,"Faulty injection pump that contaminated the entire fuel system with metallic debris, thus requiring all hi-psi components to be replaced, fuel tank drained and entire fuel system to flushed, per THD  ** EST WOULD NOT CONNECT TO RETRIEVE & DOWNLOAD ECU DAT","09/24/704: Arrived at the machine and code 3141 triggered an alarm and shut down the machine. After removing the old filters and installing two new filters, the customer ran the machine for almost an hour without problems, then code 3141 reactivated and performance degraded",Not Installed - Camera,"Bracket - Created, Bracket - Painted, Harness - Retightened, Monitor - Mounted",SO0059441,12,40507AG10   9 wu x 5               TOTAL SRT= 000 WU40507AF93    5 wu x 5 40547AI80     0 wu40543AA10  40 wu40543AA29    0 wu x 540543AA22    5 wu x 540543AA23    5 wu x 540543AB35   50 wu40543AE05   73 wu - uplift for additional TS time to idenitify caus,1,PASE,504130662                    CASE,VALVE,280.8,204.12,3/21/2024,40.2297,19363.9199
SO0059441-13,SO0059441,13,2/15/2024,PASEIH,9991,SPRAYS,2022,JFGYCC89ENT054969,1275,CUSTOMER CALLED AND STATED THAT MACHINE WAS LOOSING FUEL PRESSURE,"Faulty injection pump that contaminated the entire fuel system with metallic debris, thus requiring all hi-psi components to be replaced, fuel tank drained and entire fuel system to flushed, per THD  ** EST WOULD NOT CONNECT TO RETRIEVE & DOWNLOAD ECU DAT","09/24/704: Arrived at the machine and code 3141 triggered an alarm and shut down the machine. After removing the old filters and installing two new filters, the customer ran the machine for almost an hour without problems, then code 3141 reactivated and performance degraded",Not Mentioned - Not Mentioned,Boom - Welded,SO0059441,13,40507AG10   9 wu x 5               TOTAL SRT= 000 WU40507AF93    5 wu x 5 40547AI80     0 wu40543AA10  40 wu40543AA29    0 wu x 540543AA22    5 wu x 540543AA23    5 wu x 540543AB35   50 wu40543AE05   73 wu - uplift for additional TS time to idenitify caus,0,PASE,5801596032                   CASE,GASKET,0,0,3/21/2024,40.2297,19363.9199
SO0059441-14,SO0059441,14,2/15/2024,PASEIH,9991,SPRAYS,2022,JFGYCC89ENT054969,1275,CUSTOMER CALLED AND STATED THAT MACHINE WAS LOOSING FUEL PRESSURE,"Faulty injection pump that contaminated the entire fuel system with metallic debris, thus requiring all hi-psi components to be replaced, fuel tank drained and entire fuel system to flushed, per THD  ** EST WOULD NOT CONNECT TO RETRIEVE & DOWNLOAD ECU DAT","09/24/704: Arrived at the machine and code 3141 triggered an alarm and shut down the machine. After removing the old filters and installing two new filters, the customer ran the machine for almost an hour without problems, then code 3141 reactivated and performance degraded",Not Mentioned - Hood,"Hood - Drilled, Support Bracket - Installed",SO0059441,14,40507AG10   9 wu x 5               TOTAL SRT= 000 WU40507AF93    5 wu x 5 40547AI80     0 wu40543AA10  40 wu40543AA29    0 wu x 540543AA22    5 wu x 540543AA23    5 wu x 540543AB35   50 wu40543AE05   73 wu - uplift for additional TS time to idenitify caus,1,PASE,5801512847                   CASE,TUBE  FUEL,112.2,81.56,3/21/2024,40.2297,19363.9199
SO0059441-15,SO0059441,15,2/15/2024,PASEIH,9991,SPRAYS,2022,JFGYCC89ENT054969,1275,CUSTOMER CALLED AND STATED THAT MACHINE WAS LOOSING FUEL PRESSURE,"Faulty injection pump that contaminated the entire fuel system with metallic debris, thus requiring all hi-psi components to be replaced, fuel tank drained and entire fuel system to flushed, per THD  ** EST WOULD NOT CONNECT TO RETRIEVE & DOWNLOAD ECU DAT","09/24/704: Arrived at the machine and code 3141 triggered an alarm and shut down the machine. After removing the old filters and installing two new filters, the customer ran the machine for almost an hour without problems, then code 3141 reactivated and performance degraded","Bent - Handle, Bent - Bracket","Bracket - Realigned, Handle - Installed, Handle - Reinstalled",SO0059441,15,40507AG10   9 wu x 5               TOTAL SRT= 000 WU40507AF93    5 wu x 5 40547AI80     0 wu40543AA10  40 wu40543AA29    0 wu x 540543AA22    5 wu x 540543AA23    5 wu x 540543AB35   50 wu40543AE05   73 wu - uplift for additional TS time to idenitify caus,1,PASE,504373407                    CASE,ACCUMULATOR,1101.27,847.13,3/21/2024,40.2297,19363.9199
SO0059441-17,SO0059441,17,2/15/2024,PASEIH,9991,SPRAYS,2022,JFGYCC89ENT054969,1275,CUSTOMER CALLED AND STATED THAT MACHINE WAS LOOSING FUEL PRESSURE,"Faulty injection pump that contaminated the entire fuel system with metallic debris, thus requiring all hi-psi components to be replaced, fuel tank drained and entire fuel system to flushed, per THD  ** EST WOULD NOT CONNECT TO RETRIEVE & DOWNLOAD ECU DAT","09/24/704: Arrived at the machine and code 3141 triggered an alarm and shut down the machine. After removing the old filters and installing two new filters, the customer ran the machine for almost an hour without problems, then code 3141 reactivated and performance degraded",Bent - Ladder,Rear Ladder - Replaced,SO0059441,17,40507AG10   9 wu x 5               TOTAL SRT= 000 WU40507AF93    5 wu x 5 40547AI80     0 wu40543AA10  40 wu40543AA29    0 wu x 540543AA22    5 wu x 540543AA23    5 wu x 540543AB35   50 wu40543AE05   73 wu - uplift for additional TS time to idenitify caus,1,PASE,504345093                    CASE,TUBE,246.06,189.28,3/21/2024,40.2297,19363.9199
SO0059441-18,SO0059441,18,2/15/2024,PASEIH,9991,SPRAYS,2022,JFGYCC89ENT054969,1275,CUSTOMER CALLED AND STATED THAT MACHINE WAS LOOSING FUEL PRESSURE,"Faulty injection pump that contaminated the entire fuel system with metallic debris, thus requiring all hi-psi components to be replaced, fuel tank drained and entire fuel system to flushed, per THD  ** EST WOULD NOT CONNECT TO RETRIEVE & DOWNLOAD ECU DAT","09/24/704: Arrived at the machine and code 3141 triggered an alarm and shut down the machine. After removing the old filters and installing two new filters, the customer ran the machine for almost an hour without problems, then code 3141 reactivated and performance degraded","Not Increasing - Bin, Incorrect Reading - Bin",No Component Mentioned - No Component Mentioned,SO0059441,18,40507AG10   9 wu x 5               TOTAL SRT= 000 WU40507AF93    5 wu x 5 40547AI80     0 wu40543AA10  40 wu40543AA29    0 wu x 540543AA22    5 wu x 540543AA23    5 wu x 540543AB35   50 wu40543AE05   73 wu - uplift for additional TS time to idenitify caus,6,PASE,504255185R                   CASE,REMAN-INJECTION NOZZ,5225.2799,3972.5999,3/21/2024,40.2297,19363.9199
SO0059441-19,SO0059441,19,2/15/2024,PASEIH,9991,SPRAYS,2022,JFGYCC89ENT054969,1275,CUSTOMER CALLED AND STATED THAT MACHINE WAS LOOSING FUEL PRESSURE,"Faulty injection pump that contaminated the entire fuel system with metallic debris, thus requiring all hi-psi components to be replaced, fuel tank drained and entire fuel system to flushed, per THD  ** EST WOULD NOT CONNECT TO RETRIEVE & DOWNLOAD ECU DAT","09/24/704: Arrived at the machine and code 3141 triggered an alarm and shut down the machine. After removing the old filters and installing two new filters, the customer ran the machine for almost an hour without problems, then code 3141 reactivated and performance degraded",Not Mentioned - No Component Mentioned,"Bin Level Sensor - Installed, No Component Mentioned - Retightened, Pig Tail Harness - Reconnected",SO0059441,19,40507AG10   9 wu x 5               TOTAL SRT= 000 WU40507AF93    5 wu x 5 40547AI80     0 wu40543AA10  40 wu40543AA29    0 wu x 540543AA22    5 wu x 540543AA23    5 wu x 540543AB35   50 wu40543AE05   73 wu - uplift for additional TS time to idenitify caus,-6,PASE,504255185C                   CASE,REMAN-INJECTION - CORE,-750,-750,3/21/2024,40.2297,19363.9199
SO0059441-7,SO0059441,7,1/23/2024,PASEIH,9861,SPRAYS,2024,JFGYS435LRT058486,8.1999,INSTALL BOOM RECIRCULATING KIT.,Unknown,"INSTALL BOOM TURNOVER KIT.  Unpacked the kit, went through the boxes and organized the supplies into buckets.  I started working using the installation instructions and noticed that a part in the package did not match the installation instructions. WORKED WITH TYSON, SPRAYER SPEC",Not Mentioned - Not Mentioned,No Component Mentioned - No Component Mentioned,SO0059441,7,Not Specified,3,PASE,BN313772                     CASE,GASKET,4.2,2.8799,3/18/2024,42.049,5055.8998
SO0059441-8,SO0059441,8,1/23/2024,PASEIH,9861,SPRAYS,2024,JFGYS435LRT058486,8.1999,LEFT BOOM LOWERED TO GROUND AND WILL NOT RAISE AGAIN.,BOOM ISOLATION VALVE STUCK OPEN.PART NUMBER: 90357286,The left boom is lowered and cannot be raised.  I found that the cylinder was trying to rise but had not built up enough pressure to lift the boom off the ground.  Found out the boom shutoff valve was stuck open and the boom fell down.  THE BOOM IS MANUALLY OPERATED,Not Installed - Tarp,"Tarp Switch - Mounted, Front Tarp Cap - Mounted, Power Cable - Reconnected, Harness - Retightened",SO0059441,8,Not Specified,1,PASE,90357286                     CASE,VALVE,126.22,89.0799,3/14/2024,1.8999,471.0699
SO0059441-9,SO0059441,9,2/15/2024,PASEIH,9861,SPRAYS,,JFGYS445CPT056874,3,FUEL LEAK,cracked fuel water separator housing,"Drove to the customer, inspected for leaks and found fuel leaking from the water fuel separator inlet port, cleaned the area and observed the leak, found a leak coming from the housing where the adapter port screws went in, drove back to the shop and ordered a part, received a part and a doctor","Not Installed - First Aid Kit, Not Installed - Extinguisher",No Component Mentioned - No Component Mentioned,SO0059441,9,Not Specified,1,PASE,504199553                    CASE,"HEAD,FILTER",249.55,199.0999,3/11/2024,3,759.55
SO0059464-3,SO0059464,3,2/15/2024,PASEIH,9991,SPRAYS,2022,JFGYCC89ENT054969,1275,CUSTOMER CALLED AND STATED THAT MACHINE WAS LOOSING FUEL PRESSURE,"Faulty injection pump that contaminated the entire fuel system with metallic debris, thus requiring all hi-psi components to be replaced, fuel tank drained and entire fuel system to flushed, per THD  ** EST WOULD NOT CONNECT TO RETRIEVE & DOWNLOAD ECU DAT","09/24/704: Arrived at the machine and code 3141 triggered an alarm and shut down the machine. After removing the old filters and installing two new filters, the customer ran the machine for almost an hour without problems, then code 3141 reactivated and performance degraded",Not Mentioned - No Component Mentioned,No Component Mentioned - No Component Mentioned,SO0059464,3,40507AG10   9 wu x 5               TOTAL SRT= 000 WU40507AF93    5 wu x 5 40547AI80     0 wu40543AA10  40 wu40543AA29    0 wu x 540543AA22    5 wu x 540543AA23    5 wu x 540543AB35   50 wu40543AE05   73 wu - uplift for additional TS time to idenitify caus,1,PASE,504188076R                   CASE,REMAN-INJECTION PUMP,2796.13,2186.9099,3/21/2024,40.2297,19363.9199
SO0059464-5,SO0059464,5,2/15/2024,PASEIH,9991,SPRAYS,2022,JFGYCC89ENT054969,1275,CUSTOMER CALLED AND STATED THAT MACHINE WAS LOOSING FUEL PRESSURE,"Faulty injection pump that contaminated the entire fuel system with metallic debris, thus requiring all hi-psi components to be replaced, fuel tank drained and entire fuel system to flushed, per THD  ** EST WOULD NOT CONNECT TO RETRIEVE & DOWNLOAD ECU DAT","09/24/704: Arrived at the machine and code 3141 triggered an alarm and shut down the machine. After removing the old filters and installing two new filters, the customer ran the machine for almost an hour without problems, then code 3141 reactivated and performance degraded","Not Seated - Machine, Not Mentioned - No Component Mentioned",Leaf Spring - Replaced,SO0059464,5,40507AG10   9 wu x 5               TOTAL SRT= 000 WU40507AF93    5 wu x 5 40547AI80     0 wu40543AA10  40 wu40543AA29    0 wu x 540543AA22    5 wu x 540543AA23    5 wu x 540543AB35   50 wu40543AE05   73 wu - uplift for additional TS time to idenitify caus,0,PASE,16504015                     CASE,ELBOW,0,0,3/21/2024,40.2297,19363.9199
SO0059464-6,SO0059464,6,2/15/2024,PASEIH,9991,SPRAYS,2022,JFGYCC89ENT054969,1275,CUSTOMER CALLED AND STATED THAT MACHINE WAS LOOSING FUEL PRESSURE,"Faulty injection pump that contaminated the entire fuel system with metallic debris, thus requiring all hi-psi components to be replaced, fuel tank drained and entire fuel system to flushed, per THD  ** EST WOULD NOT CONNECT TO RETRIEVE & DOWNLOAD ECU DAT","09/24/704: Arrived at the machine and code 3141 triggered an alarm and shut down the machine. After removing the old filters and installing two new filters, the customer ran the machine for almost an hour without problems, then code 3141 reactivated and performance degraded","Loose - Chain, Bent - Gear Box","Gear Box - Reinstalled, Motor - Reinstalled, Bracket - Installed, Seal - Installed",SO0059464,6,40507AG10   9 wu x 5               TOTAL SRT= 000 WU40507AF93    5 wu x 5 40547AI80     0 wu40543AA10  40 wu40543AA29    0 wu x 540543AA22    5 wu x 540543AA23    5 wu x 540543AB35   50 wu40543AE05   73 wu - uplift for additional TS time to idenitify caus,1,PASE,504126986                    CASE,PIPE  INJECTION,72.15,47.56,3/21/2024,40.2297,19363.9199
SO0059489-1,SO0059489,1,2/15/2024,PASEIH,9991,SPRAYS,2022,JFGYCC89ENT054969,1275,CUSTOMER CALLED AND STATED THAT MACHINE WAS LOOSING FUEL PRESSURE,"Faulty injection pump that contaminated the entire fuel system with metallic debris, thus requiring all hi-psi components to be replaced, fuel tank drained and entire fuel system to flushed, per THD  ** EST WOULD NOT CONNECT TO RETRIEVE & DOWNLOAD ECU DAT","09/24/704: Arrived at the machine and code 3141 triggered an alarm and shut down the machine. After removing the old filters and installing two new filters, the customer ran the machine for almost an hour without problems, then code 3141 reactivated and performance degraded",Derated - Boom,"Left Sensor - Realigned, Sensor - Realigned",SO0059489,1,40507AG10   9 wu x 5               TOTAL SRT= 000 WU40507AF93    5 wu x 5 40547AI80     0 wu40543AA10  40 wu40543AA29    0 wu x 540543AA22    5 wu x 540543AA23    5 wu x 540543AB35   50 wu40543AE05   73 wu - uplift for additional TS time to idenitify caus,1,PASE,504126984                    CASE,PIPE  INJECTION,75.27,52.9101,3/21/2024,40.2297,19363.9199
SO0059496-1,SO0059496,1,2/15/2024,PASEIH,9991,SPRAYS,2022,JFGYCC89ENT054969,1275,CUSTOMER CALLED AND STATED THAT MACHINE WAS LOOSING FUEL PRESSURE,"Faulty injection pump that contaminated the entire fuel system with metallic debris, thus requiring all hi-psi components to be replaced, fuel tank drained and entire fuel system to flushed, per THD  ** EST WOULD NOT CONNECT TO RETRIEVE & DOWNLOAD ECU DAT","09/24/704: Arrived at the machine and code 3141 triggered an alarm and shut down the machine. After removing the old filters and installing two new filters, the customer ran the machine for almost an hour without problems, then code 3141 reactivated and performance degraded",Not Blowing - Air Conditioner,No Component Mentioned - Added,SO0059496,1,40507AG10   9 wu x 5               TOTAL SRT= 000 WU40507AF93    5 wu x 5 40547AI80     0 wu40543AA10  40 wu40543AA29    0 wu x 540543AA22    5 wu x 540543AA23    5 wu x 540543AB35   50 wu40543AE05   73 wu - uplift for additional TS time to idenitify caus,1,PASE,504126983                    CASE,PIPE  INJECTION,58.1101,40.7,3/21/2024,40.2297,19363.9199
SO0059513-1,SO0059513,1,2/15/2024,PASEIH,9991,SPRAYS,2022,JFGYCC89ENT054969,1275,CUSTOMER CALLED AND STATED THAT MACHINE WAS LOOSING FUEL PRESSURE,"Faulty injection pump that contaminated the entire fuel system with metallic debris, thus requiring all hi-psi components to be replaced, fuel tank drained and entire fuel system to flushed, per THD  ** EST WOULD NOT CONNECT TO RETRIEVE & DOWNLOAD ECU DAT","09/24/704: Arrived at the machine and code 3141 triggered an alarm and shut down the machine. After removing the old filters and installing two new filters, the customer ran the machine for almost an hour without problems, then code 3141 reactivated and performance degraded",Speed Issue - Valve,Valve - Replaced,SO0059513,1,40507AG10   9 wu x 5               TOTAL SRT= 000 WU40507AF93    5 wu x 5 40547AI80     0 wu40543AA10  40 wu40543AA29    0 wu x 540543AA22    5 wu x 540543AA23    5 wu x 540543AB35   50 wu40543AE05   73 wu - uplift for additional TS time to idenitify caus,1,PASE,504126982                    CASE,PIPE  INJECTION,72.35,50.8401,3/21/2024,40.2297,19363.9199
SO0059513-2,SO0059513,2,2/15/2024,PASEIH,9991,SPRAYS,2022,JFGYCC89ENT054969,1275,CUSTOMER CALLED AND STATED THAT MACHINE WAS LOOSING FUEL PRESSURE,"Faulty injection pump that contaminated the entire fuel system with metallic debris, thus requiring all hi-psi components to be replaced, fuel tank drained and entire fuel system to flushed, per THD  ** EST WOULD NOT CONNECT TO RETRIEVE & DOWNLOAD ECU DAT","09/24/704: Arrived at the machine and code 3141 triggered an alarm and shut down the machine. After removing the old filters and installing two new filters, the customer ran the machine for almost an hour without problems, then code 3141 reactivated and performance degraded","Not Installed - Boom, Broken - Nozzle","Boom Dampener - Installed, Nozzle - Replaced",SO0059513,2,40507AG10   9 wu x 5               TOTAL SRT= 000 WU40507AF93    5 wu x 5 40547AI80     0 wu40543AA10  40 wu40543AA29    0 wu x 540543AA22    5 wu x 540543AA23    5 wu x 540543AB35   50 wu40543AE05   73 wu - uplift for additional TS time to idenitify caus,1,PASE,504126981                    CASE,PIPE  INJECTION,75.8601,53.32,3/21/2024,40.2297,19363.9199
SO0059550-1,SO0059550,1,2/15/2024,PASEIH,9991,SPRAYS,2022,JFGYCC89ENT054969,1275,CUSTOMER CALLED AND STATED THAT MACHINE WAS LOOSING FUEL PRESSURE,"Faulty injection pump that contaminated the entire fuel system with metallic debris, thus requiring all hi-psi components to be replaced, fuel tank drained and entire fuel system to flushed, per THD  ** EST WOULD NOT CONNECT TO RETRIEVE & DOWNLOAD ECU DAT","09/24/704: Arrived at the machine and code 3141 triggered an alarm and shut down the machine. After removing the old filters and installing two new filters, the customer ran the machine for almost an hour without problems, then code 3141 reactivated and performance degraded",Not Mentioned - Spray System,No Component Mentioned - Filled,SO0059550,1,40507AG10   9 wu x 5               TOTAL SRT= 000 WU40507AF93    5 wu x 5 40547AI80     0 wu40543AA10  40 wu40543AA29    0 wu x 540543AA22    5 wu x 540543AA23    5 wu x 540543AB35   50 wu40543AE05   73 wu - uplift for additional TS time to idenitify caus,0,PASE,504081274                    CASE,HYD CONNECTOR,0,0,3/21/2024,40.2297,19363.9199
SO0059550-10,SO0059550,10,2/15/2024,PASEIH,9991,SPRAYS,2022,JFGYCC89ENT054969,1275,CUSTOMER CALLED AND STATED THAT MACHINE WAS LOOSING FUEL PRESSURE,"Faulty injection pump that contaminated the entire fuel system with metallic debris, thus requiring all hi-psi components to be replaced, fuel tank drained and entire fuel system to flushed, per THD  ** EST WOULD NOT CONNECT TO RETRIEVE & DOWNLOAD ECU DAT","09/24/704: Arrived at the machine and code 3141 triggered an alarm and shut down the machine. After removing the old filters and installing two new filters, the customer ran the machine for almost an hour without problems, then code 3141 reactivated and performance degraded",Not Mentioned - Filter,"Engine Air Filter - Replaced, Cab Air Filter - Replaced, Cab Intake Air Filter - Replaced, DEF Filter - Replaced, Fuel Filter - Replaced",SO0059550,10,40507AG10   9 wu x 5               TOTAL SRT= 000 WU40507AF93    5 wu x 5 40547AI80     0 wu40543AA10  40 wu40543AA29    0 wu x 540543AA22    5 wu x 540543AA23    5 wu x 540543AB35   50 wu40543AE05   73 wu - uplift for additional TS time to idenitify caus,2,PASE,90412128                     CASE,FILTER  FUEL,34.2199,24.26,3/21/2024,40.2297,19363.9199
SO0059550-4,SO0059550,4,2/15/2024,PASEIH,9991,SPRAYS,2022,JFGYCC89ENT054969,1275,CUSTOMER CALLED AND STATED THAT MACHINE WAS LOOSING FUEL PRESSURE,"Faulty injection pump that contaminated the entire fuel system with metallic debris, thus requiring all hi-psi components to be replaced, fuel tank drained and entire fuel system to flushed, per THD  ** EST WOULD NOT CONNECT TO RETRIEVE & DOWNLOAD ECU DAT","09/24/704: Arrived at the machine and code 3141 triggered an alarm and shut down the machine. After removing the old filters and installing two new filters, the customer ran the machine for almost an hour without problems, then code 3141 reactivated and performance degraded",Not Installed - Console,"Console - Removed, Bracket - Removed, Bracket - Installed, Console - Installed",SO0059550,4,40507AG10   9 wu x 5               TOTAL SRT= 000 WU40507AF93    5 wu x 5 40547AI80     0 wu40543AA10  40 wu40543AA29    0 wu x 540543AA22    5 wu x 540543AA23    5 wu x 540543AB35   50 wu40543AE05   73 wu - uplift for additional TS time to idenitify caus,1,PASE,47754189                     CASE,FITTING,23.66,18.1999,3/21/2024,40.2297,19363.9199
SO0059550-5,SO0059550,5,2/15/2024,PASEIH,9991,SPRAYS,2022,JFGYCC89ENT054969,1275,CUSTOMER CALLED AND STATED THAT MACHINE WAS LOOSING FUEL PRESSURE,"Faulty injection pump that contaminated the entire fuel system with metallic debris, thus requiring all hi-psi components to be replaced, fuel tank drained and entire fuel system to flushed, per THD  ** EST WOULD NOT CONNECT TO RETRIEVE & DOWNLOAD ECU DAT","09/24/704: Arrived at the machine and code 3141 triggered an alarm and shut down the machine. After removing the old filters and installing two new filters, the customer ran the machine for almost an hour without problems, then code 3141 reactivated and performance degraded",Fraying - Belt,"No Component Mentioned - Removed, Belt - Installed",SO0059550,5,40507AG10   9 wu x 5               TOTAL SRT= 000 WU40507AF93    5 wu x 5 40547AI80     0 wu40543AA10  40 wu40543AA29    0 wu x 540543AA22    5 wu x 540543AA23    5 wu x 540543AB35   50 wu40543AE05   73 wu - uplift for additional TS time to idenitify caus,1,PASE,41031568                     CASE,THREADED UNION,7.3299,5.4001,3/21/2024,40.2297,19363.9199
SO0059550-6,SO0059550,6,2/15/2024,PASEIH,9991,SPRAYS,2022,JFGYCC89ENT054969,1275,CUSTOMER CALLED AND STATED THAT MACHINE WAS LOOSING FUEL PRESSURE,"Faulty injection pump that contaminated the entire fuel system with metallic debris, thus requiring all hi-psi components to be replaced, fuel tank drained and entire fuel system to flushed, per THD  ** EST WOULD NOT CONNECT TO RETRIEVE & DOWNLOAD ECU DAT","09/24/704: Arrived at the machine and code 3141 triggered an alarm and shut down the machine. After removing the old filters and installing two new filters, the customer ran the machine for almost an hour without problems, then code 3141 reactivated and performance degraded",Cracked - Hood,Brace - Installed,SO0059550,6,40507AG10   9 wu x 5               TOTAL SRT= 000 WU40507AF93    5 wu x 5 40547AI80     0 wu40543AA10  40 wu40543AA29    0 wu x 540543AA22    5 wu x 540543AA23    5 wu x 540543AB35   50 wu40543AE05   73 wu - uplift for additional TS time to idenitify caus,1,PASE,16591925                     CASE,BOLT,0.82,0.63,3/21/2024,40.2297,19363.9199
SO0059550-7,SO0059550,7,2/15/2024,PASEIH,9991,SPRAYS,2022,JFGYCC89ENT054969,1275,CUSTOMER CALLED AND STATED THAT MACHINE WAS LOOSING FUEL PRESSURE,"Faulty injection pump that contaminated the entire fuel system with metallic debris, thus requiring all hi-psi components to be replaced, fuel tank drained and entire fuel system to flushed, per THD  ** EST WOULD NOT CONNECT TO RETRIEVE & DOWNLOAD ECU DAT","09/24/704: Arrived at the machine and code 3141 triggered an alarm and shut down the machine. After removing the old filters and installing two new filters, the customer ran the machine for almost an hour without problems, then code 3141 reactivated and performance degraded","Not Mentioned - Axle, Not Mentioned - Transfer Case, Not Mentioned - Hub","Rear Axle Breather - Installed, Rear Differential - Drained, Rear Differential - Filled, Front Differential - Drained, Front Differential - Filled",SO0059550,7,40507AG10   9 wu x 5               TOTAL SRT= 000 WU40507AF93    5 wu x 5 40547AI80     0 wu40543AA10  40 wu40543AA29    0 wu x 540543AA22    5 wu x 540543AA23    5 wu x 540543AB35   50 wu40543AE05   73 wu - uplift for additional TS time to idenitify caus,1,PASE,8605735                      CASE,"FITTING,BRASS ELBOW",45.4399,34.95,3/21/2024,40.2297,19363.9199
SO0059550-8,SO0059550,8,2/15/2024,PASEIH,9991,SPRAYS,2022,JFGYCC89ENT054969,1275,CUSTOMER CALLED AND STATED THAT MACHINE WAS LOOSING FUEL PRESSURE,"Faulty injection pump that contaminated the entire fuel system with metallic debris, thus requiring all hi-psi components to be replaced, fuel tank drained and entire fuel system to flushed, per THD  ** EST WOULD NOT CONNECT TO RETRIEVE & DOWNLOAD ECU DAT","09/24/704: Arrived at the machine and code 3141 triggered an alarm and shut down the machine. After removing the old filters and installing two new filters, the customer ran the machine for almost an hour without problems, then code 3141 reactivated and performance degraded","Not Gripped - Door, Broken - Door","Door Seal - Replaced, Door Switch - Replaced",SO0059550,8,40507AG10   9 wu x 5               TOTAL SRT= 000 WU40507AF93    5 wu x 5 40547AI80     0 wu40543AA10  40 wu40543AA29    0 wu x 540543AA22    5 wu x 540543AA23    5 wu x 540543AB35   50 wu40543AE05   73 wu - uplift for additional TS time to idenitify caus,-1,PASE,504188076C                   CASE,REMAN-INJECTION - CORE,-500,-500,3/21/2024,40.2297,19363.9199
SO0059574-1,SO0059574,1,2/15/2024,PASEIH,9991,SPRAYS,2022,JFGYCC89ENT054969,1275,CUSTOMER CALLED AND STATED THAT MACHINE WAS LOOSING FUEL PRESSURE,"Faulty injection pump that contaminated the entire fuel system with metallic debris, thus requiring all hi-psi components to be replaced, fuel tank drained and entire fuel system to flushed, per THD  ** EST WOULD NOT CONNECT TO RETRIEVE & DOWNLOAD ECU DAT","09/24/704: Arrived at the machine and code 3141 triggered an alarm and shut down the machine. After removing the old filters and installing two new filters, the customer ran the machine for almost an hour without problems, then code 3141 reactivated and performance degraded",Air Leak - Valve,Pressure Relief Valve - Replaced,SO0059574,1,40507AG10   9 wu x 5               TOTAL SRT= 000 WU40507AF93    5 wu x 5 40547AI80     0 wu40543AA10  40 wu40543AA29    0 wu x 540543AA22    5 wu x 540543AA23    5 wu x 540543AB35   50 wu40543AE05   73 wu - uplift for additional TS time to idenitify caus,2,PASE,92039410                     CASE,FILTER  FUEL,160.56,113.78,3/21/2024,40.2297,19363.9199
SO0059574-2,SO0059574,2,2/15/2024,PASEIH,9991,SPRAYS,2022,JFGYCC89ENT054969,1275,CUSTOMER CALLED AND STATED THAT MACHINE WAS LOOSING FUEL PRESSURE,"Faulty injection pump that contaminated the entire fuel system with metallic debris, thus requiring all hi-psi components to be replaced, fuel tank drained and entire fuel system to flushed, per THD  ** EST WOULD NOT CONNECT TO RETRIEVE & DOWNLOAD ECU DAT","09/24/704: Arrived at the machine and code 3141 triggered an alarm and shut down the machine. After removing the old filters and installing two new filters, the customer ran the machine for almost an hour without problems, then code 3141 reactivated and performance degraded",Not Mentioned - Filter,"Air Filter - Replaced, Air Filter - Replaced, Fuel Filter - Replaced, DEF Filter - Replaced, Cab Filter - Replaced, Filter - Replaced, Hydraulic Filter - Replaced, Steering Filter - Replaced, Air Dryer Cartridge - Replaced",SO0059574,2,40507AG10   9 wu x 5               TOTAL SRT= 000 WU40507AF93    5 wu x 5 40547AI80     0 wu40543AA10  40 wu40543AA29    0 wu x 540543AA22    5 wu x 540543AA23    5 wu x 540543AB35   50 wu40543AE05   73 wu - uplift for additional TS time to idenitify caus,1,PASE,87445405                     CASE,"O-RING,SPECIAL",3.03,1.1799,3/21/2024,40.2297,19363.9199
SO0059574-3,SO0059574,3,2/15/2024,CHR,COT 561,SPRAYS,2023,M2301209,162,missing skid rubberpads on front of skid,missing bumper stops,"Hook the crane to the tank skid, loosen the screw and raise the front skid enough to attach new pads. Cut the padding strip into four pieces. Spray glue and stick two pieces on each side to the front near the cab where padding is missing. lowered skid. tightened bolt and clamp now",Cracked - Hood,"Hood - Installed, Firewall - Realigned",SO0059574,3,Not Specified,1,CHR LOGISTICS,8004414                      RBR,BUMPER/PAD CHASSIS,175.5,175.5,3/26/2024,3.8398,840.5
SO0059574-4,SO0059574,4,2/15/2024,PASEIH,9991,SPRAYS,2022,JFGYCC89TNT054649,409.5,fore aft lines leaking,rubbed,Remove the clamps and anything that held the wires to the fan frame. I removed the lines and reinstalled them. Routed the plumbing and made sure the plumbing was routed and not chafing. tested and ensured that the machine has no leaks. complete. 02/22/24NL serial number 1,Worn - Intake,"Boot - Replaced, Air Conditioner Hose - Zip Tied",SO0059574,4,NL Claim Number: 08759,1,NEW LORD,313465                       NEWLEA,FITTING 6-4-5202,5.57,5.57,2/27/2024,1.1,363.57
SO0059574-5,SO0059574,5,2/15/2024,PASEIH,9991,SPRAYS,2022,JFGYCC89TNT054649,409.5,fore aft lines leaking,rubbed,Remove the clamps and anything that held the wires to the fan frame. I removed the lines and reinstalled them. Routed the plumbing and made sure the plumbing was routed and not chafing. tested and ensured that the machine has no leaks. complete. 02/22/24NL serial number 1,Moved - Steering,"Bolt - Removed, Bolt Nut - Installed",SO0059574,5,NL Claim Number: 08759,1,NEW LORD,313537                       NEWLEA,HOSE ASSY,74.75,74.75,2/27/2024,1.1,363.57
SO0059574-6,SO0059574,6,2/15/2024,PASEIH,9991,SPRAYS,2022,JFGYCC89TNT054649,409.5,fore aft lines leaking,rubbed,Remove the clamps and anything that held the wires to the fan frame. I removed the lines and reinstalled them. Routed the plumbing and made sure the plumbing was routed and not chafing. tested and ensured that the machine has no leaks. complete. 02/22/24NL serial number 1,Incorrect Reading - No Component Mentioned,Air Pressure Sensor - Replaced,SO0059574,6,NL Claim Number: 08759,1,NEW LORD,313538                       NEWLEA,HOSE ASSY .38X88,71.5,71.5,2/27/2024,1.1,363.57
SO0059576-1,SO0059576,1,2/15/2024,PASEIH,9861,SPRAYS,2023,JFGYS445CPT057376,107,xrt sensors not working,sensor showed error on screen disabling xrt,2 XRT sensors did not register when autoboom was activated. Sensors were recalibrated and the issues were not resolved. Broken sensors were moved and the problem was moved with the sensor. 2 new sensors were installed and recalibrated and the calibration took and issues were resolved 34 miles,Incorrect Position - Console,"Bracket - Replaced, Console - Reinstalled",SO0059576,1,Not Specified,2,PASE,51584752                     CASE,SENSOR,2158.6599,1355.92,5/18/2024,1.08,2366.5599
SO0059585-1,SO0059585,1,2/15/2024,CHR,COT 561,SPRAYS,2023,M2301209,301,hood bracket update,hood bracket update,"Clamp bracket, mark holes, drill holes, install bracket and tighten nuts. completed on June 24, 2003",Seized - Boom,"Pin - Installed, Boom Fold - Installed, Fold - Realigned, Bumper Stop - Realigned, Tip Breakaway - Realigned",SO0059585,1,Not Specified,1,CHR LOGISTICS,90418                        RBR,HOOD HINGE REINFORMENT PLATE,47.48,47.48,4/4/2024,1.1299,245.23
SO0059585-2,SO0059585,2,2/15/2024,CHR,PECT 300,SPRAYS,,M1800740,3483.4,Customer states lines leaking for main bin feed gate.,Removed insert bin and found stainless steel tubes leaking near clamps at rear of box.,Remove and replace both hard stainless steel lines. The rubber hoses at the rear of the machine were badly corroded and had to be cut off and replaced. Insert container and tarpaulin reinstalled. recalibrated feed gates and verified operation. completed on 02/16/24,Not Mentioned - Machine,"Motor - Replaced, Air Filter - Replaced, Fuel Filter - Replaced, Coolant Filter - Replaced, Hydraulic Filter - Replaced, Hydraulic System - Topped Off",SO0059585,2,Not Specified,1,NEW LORD,313543                       NEWLEA,HOSE ASSY.38X.30,50,32.5,2/27/2024,3.5,2000.9399
SO0059585-3,SO0059585,3,2/15/2024,CHR,PECT 300,SPRAYS,,M1800740,3483.4,Customer states lines leaking for main bin feed gate.,Removed insert bin and found stainless steel tubes leaking near clamps at rear of box.,Remove and replace both hard stainless steel lines. The rubber hoses at the rear of the machine were badly corroded and had to be cut off and replaced. Insert container and tarpaulin reinstalled. recalibrated feed gates and verified operation. completed on 02/16/24,Black Out - Monitor,Camera Monitor - Installed,SO0059585,3,Not Specified,2,NEW LORD,314428                       NEWLEA,TUBE - ASSY .375,270,175.5,2/27/2024,3.5,2000.9399
SO0059590-1,SO0059590,1,2/15/2024,CHR,PECT 300,SPRAYS,,M1800740,3483.4,Customer states lines leaking for main bin feed gate.,Removed insert bin and found stainless steel tubes leaking near clamps at rear of box.,Remove and replace both hard stainless steel lines. The rubber hoses at the rear of the machine were badly corroded and had to be cut off and replaced. Insert container and tarpaulin reinstalled. recalibrated feed gates and verified operation. completed on 02/16/24,Not Installed - Tire,No Component Mentioned - No Component Mentioned,SO0059590,1,Not Specified,1,NEW LORD,313550                       NEWLEA,HOSE - ASSY 100R,48.75,29.25,2/27/2024,3.5,2000.9399
SO0059590-2,SO0059590,2,2/15/2024,CHR,PECT 300,SPRAYS,,M1800740,3483.4,Customer states lines leaking for main bin feed gate.,Removed insert bin and found stainless steel tubes leaking near clamps at rear of box.,Remove and replace both hard stainless steel lines. The rubber hoses at the rear of the machine were badly corroded and had to be cut off and replaced. Insert container and tarpaulin reinstalled. recalibrated feed gates and verified operation. completed on 02/16/24,Ineffective - Bin,"Bin Level Sensor - Removed, Sensor Bracket - Installed, Wire Adapter - Installed",SO0059590,2,Not Specified,1,NEW LORD,313544                       NEWLEA,HOSE ASSY.38X32.,50,32.5,2/27/2024,3.5,2000.9399
SO0059590-3,SO0059590,3,2/15/2024,CHR,PECT 300,SPRAYS,,M1800740,3483.4,Customer states lines leaking for main bin feed gate.,Removed insert bin and found stainless steel tubes leaking near clamps at rear of box.,Remove and replace both hard stainless steel lines. The rubber hoses at the rear of the machine were badly corroded and had to be cut off and replaced. Insert container and tarpaulin reinstalled. recalibrated feed gates and verified operation. completed on 02/16/24,Not Updated - No Component Mentioned,"Tube - Removed, Grease Bank - Removed",SO0059590,3,Not Specified,1,NEW LORD,313549                       NEWLEA,HOSE - ASSY100R1,48.75,29.25,2/27/2024,3.5,2000.9399
SO0059590-4,SO0059590,4,2/15/2024,PASEIH,9991,SPRAYS,,JFGYCC89JKT048690,2708,Main Chassis Harness Replacement,Unknown,"I started by removing the chassis main frame wiring harness. THE FOLLOWING IS SEPARATED FROM THE WIRING HARNESS: RIGHT GENUINE AXLE ADJUSTMENT SENSOR, LEFT REAR AXLE ADJUSTMENT SENSOR, BACKUP ALARM, REAR LEFT WHEEL MOTOR, FRONT LEFT WHEEL MOTOR, REAR RIGHT",Not Mentioned - Gearbox,"Gear Case - Drained, Gear Case - Filled, Sensor - Installed",SO0059590,4,Not Specified,1,PASE,325258A1                     CASE,ALARM  BACKUP,105.7,51.35,7/15/2024,19.3997,10907.18
SO0059590-5,SO0059590,5,2/15/2024,PASEIH,9991,SPRAYS,,JFGYCC89JKT048690,2708,Main Chassis Harness Replacement,Unknown,"I started by removing the chassis main frame wiring harness. THE FOLLOWING IS SEPARATED FROM THE WIRING HARNESS: RIGHT GENUINE AXLE ADJUSTMENT SENSOR, LEFT REAR AXLE ADJUSTMENT SENSOR, BACKUP ALARM, REAR LEFT WHEEL MOTOR, FRONT LEFT WHEEL MOTOR, REAR RIGHT","Leak - Hydraulic Pump, Leak - Motor","Hydraulic Pump Fitting - Retightened, Hydraulic Motor - Sealed, Hydraulic Motor - Reinstalled",SO0059590,5,Not Specified,0,PASE,47926222                     CASE,SENSOR,0,0,7/15/2024,19.3997,10907.18
SO0059590-6,SO0059590,6,2/15/2024,PASEIH,9991,SPRAYS,,JFGYCC89JKT048690,2708,Main Chassis Harness Replacement,Unknown,"I started by removing the chassis main frame wiring harness. THE FOLLOWING IS SEPARATED FROM THE WIRING HARNESS: RIGHT GENUINE AXLE ADJUSTMENT SENSOR, LEFT REAR AXLE ADJUSTMENT SENSOR, BACKUP ALARM, REAR LEFT WHEEL MOTOR, FRONT LEFT WHEEL MOTOR, REAR RIGHT","Disconnected - Light, Out - Light, Not Seated - BIn","Light Wire Harness - Reconnected, Connector - Removed, Work Light - Ordered, Work Light - Removed",SO0059590,6,Not Specified,0,PASE,500382599                    CASE,SENSOR,0,0,7/15/2024,19.3997,10907.18
SO0059706-1,SO0059706,1,2/15/2024,PASEIH,9991,SPRAYS,,JFGYCC89JKT048690,2708,Main Chassis Harness Replacement,Unknown,"I started by removing the chassis main frame wiring harness. THE FOLLOWING IS SEPARATED FROM THE WIRING HARNESS: RIGHT GENUINE AXLE ADJUSTMENT SENSOR, LEFT REAR AXLE ADJUSTMENT SENSOR, BACKUP ALARM, REAR LEFT WHEEL MOTOR, FRONT LEFT WHEEL MOTOR, REAR RIGHT",Leak - Boom,"Tip Fold Hose - Removed, Tip Fold Hose - Installed",SO0059706,1,Not Specified,1,PASE,51422855                     CASE,HARNESS WIRE,3024,1890,7/15/2024,19.3997,10907.18
SO0059728-1,SO0059728,1,2/15/2024,PASEIH,9991,SPRAYS,,JFGYCC89JKT048690,2708,Main Chassis Harness Replacement,Unknown,"I started by removing the chassis main frame wiring harness. THE FOLLOWING IS SEPARATED FROM THE WIRING HARNESS: RIGHT GENUINE AXLE ADJUSTMENT SENSOR, LEFT REAR AXLE ADJUSTMENT SENSOR, BACKUP ALARM, REAR LEFT WHEEL MOTOR, FRONT LEFT WHEEL MOTOR, REAR RIGHT",Faulty - No Component Mentioned,No Component Mentioned - Installed,SO0059728,1,Not Specified,1,PASE,84150025                     CASE,MODULE,295,169.16,7/15/2024,19.3997,10907.18
SO0059728-2,SO0059728,2,2/15/2024,PASEIH,9991,SPRAYS,,JFGYCC89JKT048690,2708,Main Chassis Harness Replacement,Unknown,"I started by removing the chassis main frame wiring harness. THE FOLLOWING IS SEPARATED FROM THE WIRING HARNESS: RIGHT GENUINE AXLE ADJUSTMENT SENSOR, LEFT REAR AXLE ADJUSTMENT SENSOR, BACKUP ALARM, REAR LEFT WHEEL MOTOR, FRONT LEFT WHEEL MOTOR, REAR RIGHT",Cracked - Valve,Valve - Replaced,SO0059728,2,Not Specified,0,PASE,47597399                     CASE,SENSOR,0,0,7/15/2024,19.3997,10907.18
SO0059728-3,SO0059728,3,2/15/2024,PASEIH,9991,SPRAYS,,JFGYCC89JKT048690,2708,Main Chassis Harness Replacement,Unknown,"I started by removing the chassis main frame wiring harness. THE FOLLOWING IS SEPARATED FROM THE WIRING HARNESS: RIGHT GENUINE AXLE ADJUSTMENT SENSOR, LEFT REAR AXLE ADJUSTMENT SENSOR, BACKUP ALARM, REAR LEFT WHEEL MOTOR, FRONT LEFT WHEEL MOTOR, REAR RIGHT",Not Mentioned - Not Mentioned,"Sensor - Installed, Sensor - Recalibrated",SO0059728,3,Not Specified,0,PASE,47828279                     CASE,SENSOR,0,0,7/15/2024,19.3997,10907.18
SO0059728-4,SO0059728,4,2/15/2024,PASEIH,9991,SPRAYS,,JFGYCC89JKT048690,2708,Main Chassis Harness Replacement,Unknown,"I started by removing the chassis main frame wiring harness. THE FOLLOWING IS SEPARATED FROM THE WIRING HARNESS: RIGHT GENUINE AXLE ADJUSTMENT SENSOR, LEFT REAR AXLE ADJUSTMENT SENSOR, BACKUP ALARM, REAR LEFT WHEEL MOTOR, FRONT LEFT WHEEL MOTOR, REAR RIGHT",Not Mentioned - Not Mentioned,Tank Sight Gauge Light - Installed,SO0059728,4,Not Specified,1,PASE,87267363                     CASE,FILTER  AIR - CAB,264,155.74,7/15/2024,19.3997,10907.18
SO0059728-5,SO0059728,5,2/15/2024,PASEIH,9991,SPRAYS,,JFGYCC89JKT048690,2708,Main Chassis Harness Replacement,Unknown,"I started by removing the chassis main frame wiring harness. THE FOLLOWING IS SEPARATED FROM THE WIRING HARNESS: RIGHT GENUINE AXLE ADJUSTMENT SENSOR, LEFT REAR AXLE ADJUSTMENT SENSOR, BACKUP ALARM, REAR LEFT WHEEL MOTOR, FRONT LEFT WHEEL MOTOR, REAR RIGHT",Not Mentioned - Not Mentioned,No Component Mentioned - No Component Mentioned,SO0059728,5,Not Specified,0,PASE,51627289                     CASE,HARNESS  WIRE,0,0,7/15/2024,19.3997,10907.18
SO0059728-6,SO0059728,6,2/15/2024,PASEIH,9991,SPRAYS,,JFGYCC89JKT048690,2708,Main Chassis Harness Replacement,Unknown,"I started by removing the chassis main frame wiring harness. THE FOLLOWING IS SEPARATED FROM THE WIRING HARNESS: RIGHT GENUINE AXLE ADJUSTMENT SENSOR, LEFT REAR AXLE ADJUSTMENT SENSOR, BACKUP ALARM, REAR LEFT WHEEL MOTOR, FRONT LEFT WHEEL MOTOR, REAR RIGHT",Not Mentioned - Not Mentioned,"Intake Flow Meter - Installed, Mirror - Installed",SO0059728,6,Not Specified,0,PASE,51672169                     CASE,HARNESS  WIRE,0,0,7/15/2024,19.3997,10907.18
SO0059750-2,SO0059750,2,2/15/2024,PASEIH,9991,SPRAYS,,JFGYCC89JKT048690,2708,Main Chassis Harness Replacement,Unknown,"I started by removing the chassis main frame wiring harness. THE FOLLOWING IS SEPARATED FROM THE WIRING HARNESS: RIGHT GENUINE AXLE ADJUSTMENT SENSOR, LEFT REAR AXLE ADJUSTMENT SENSOR, BACKUP ALARM, REAR LEFT WHEEL MOTOR, FRONT LEFT WHEEL MOTOR, REAR RIGHT",Not Mentioned - Not Mentioned,VSN Camera - Recalibrated,SO0059750,2,Not Specified,0,PASE,51636004                     CASE,MANIFOLD,0,0,7/15/2024,19.3997,10907.18
SO0059750-4,SO0059750,4,2/15/2024,PASEIH,9991,SPRAYS,,JFGYCC89JKT048690,2708,Main Chassis Harness Replacement,Unknown,"I started by removing the chassis main frame wiring harness. THE FOLLOWING IS SEPARATED FROM THE WIRING HARNESS: RIGHT GENUINE AXLE ADJUSTMENT SENSOR, LEFT REAR AXLE ADJUSTMENT SENSOR, BACKUP ALARM, REAR LEFT WHEEL MOTOR, FRONT LEFT WHEEL MOTOR, REAR RIGHT",Leak - PTO,No Component Mentioned - No Component Mentioned,SO0059750,4,Not Specified,0,PASE,90421481                     CASE,HARNESS WIRE,0,0,7/15/2024,19.3997,10907.18
SO0059759-1,SO0059759,1,2/15/2024,PASEIH,9991,SPRAYS,,JFGYCC89JKT048690,2708,Combo Unit - Dry to Liquid,Unknown,Comb Unit  Disconnect the dry box and lift the box off to place it on the trailer. Attach crane to fluid system and connect to chassis.,"Faulty - Sensor, Faulty - DEF System",No Component Mentioned - No Component Mentioned,SO0059759,1,Not Specified,0,PASE,90421479                     CASE,HARNESS WIRE,0,0,7/15/2024,4.7199,2646.8199
SO0059762-2,SO0059762,2,2/15/2024,PASEIH,9991,SPRAYS,,JFGYCC89JKT048690,2708,Combo Unit - Dry to Liquid,Unknown,Comb Unit  Disconnect the dry box and lift the box off to place it on the trailer. Attach crane to fluid system and connect to chassis.,"Not Moved - Spinner, Not Moved - Spinner",No Component Mentioned - No Component Mentioned,SO0059762,2,Not Specified,0,PASE,47828279                     CASE,SENSOR,0,0,7/15/2024,4.7199,2646.8199
SO0059762-3,SO0059762,3,2/15/2024,PASEIH,9991,SPRAYS,,JFGYCC89JKT048690,2708,Combo Unit - Dry to Liquid,Unknown,Comb Unit  Disconnect the dry box and lift the box off to place it on the trailer. Attach crane to fluid system and connect to chassis.,Inoperative - Radio,No Component Mentioned - No Component Mentioned,SO0059762,3,Not Specified,0,"POLO-CLI, INC.",4000702                      AGRICO,CONTROL BOX,0,0,7/15/2024,4.7199,2646.8199
SO0059764-2,SO0059764,2,2/15/2024,PASEIH,9991,SPRAYS,,JFGYCC89JKT048690,2708,New Harness - Will not calibrate drive system,Unknown,"I want to make sure it's not a pneumatic issue or issues within the valve block. I swapped the coils and found that the problem was due to one coil. Since these coils are not sold individually, a new block was added. But the problem was still there","Poor Quality - Shaft, Poor Quality - Drive Shaft","Drive Shaft Strap - Sprayed, Strap Bolt - Removed, Drive Line - Supported, Carrier Bearing Bolt - Removed",SO0059764,2,Not Specified,0,PASE,90421479                     CASE,HARNESS WIRE,0,0,7/15/2024,52.05,6779.7598
SO0059764-4,SO0059764,4,2/15/2024,PASEIH,9991,SPRAYS,,JFGYCC89JKT048690,2708,New Harness - Will not calibrate drive system,Unknown,"I want to make sure it's not a pneumatic issue or issues within the valve block. I swapped the coils and found that the problem was due to one coil. Since these coils are not sold individually, a new block was added. But the problem was still there",Ruptured - Radiator,No Component Mentioned - No Component Mentioned,SO0059764,4,Not Specified,0,PASE,51672169                     CASE,HARNESS  WIRE,0,0,7/15/2024,52.05,6779.7598
SO0059764-5,SO0059764,5,2/15/2024,PASEIH,9991,SPRAYS,,JFGYCC89JKT048690,2708,New Harness - Will not calibrate drive system,Unknown,"I want to make sure it's not a pneumatic issue or issues within the valve block. I swapped the coils and found that the problem was due to one coil. Since these coils are not sold individually, a new block was added. But the problem was still there",Leak - Hydraulic System,"Hydraulic Motor - Removed, Fitting - Sprayed",SO0059764,5,Not Specified,0,PASE,90421481                     CASE,HARNESS WIRE,0,0,7/15/2024,52.05,6779.7598
SO0059765-2,SO0059765,2,2/15/2024,PASEIH,9991,SPRAYS,,JFGYCC89JKT048690,2708,New Harness - Will not calibrate drive system,Unknown,"I want to make sure it's not a pneumatic issue or issues within the valve block. I swapped the coils and found that the problem was due to one coil. Since these coils are not sold individually, a new block was added. But the problem was still there",Leak - Auger,No Component Mentioned - No Component Mentioned,SO0059765,2,Not Specified,1,PASE,51627289                     CASE,HARNESS  WIRE,972.22,972.22,7/15/2024,52.05,6779.7598
SO0059765-3,SO0059765,3,2/15/2024,PASEIH,9991,SPRAYS,,JFGYCC89JKT048690,2708,New Harness - Will not calibrate drive system,Unknown,"I want to make sure it's not a pneumatic issue or issues within the valve block. I swapped the coils and found that the problem was due to one coil. Since these coils are not sold individually, a new block was added. But the problem was still there",Leak - Cylinder,"Left Middle Fold Cylinder - Removed, Cylinder - Installed",SO0059765,3,Not Specified,0,PASE,500382599                    CASE,SENSOR,0,0,7/15/2024,52.05,6779.7598
SO0059765-4,SO0059765,4,2/15/2024,PASEIH,9991,SPRAYS,,JFGYCC89JKT048690,2708,New Harness - Will not calibrate drive system,Unknown,"I want to make sure it's not a pneumatic issue or issues within the valve block. I swapped the coils and found that the problem was due to one coil. Since these coils are not sold individually, a new block was added. But the problem was still there","Loose - No Component Mentioned, Loose - No Component Mentioned","Wire - Zip Tied, Grease Line - Zip Tied",SO0059765,4,Not Specified,0,PASE,47926222                     CASE,SENSOR,0,0,7/15/2024,52.05,6779.7598
SO0059765-5,SO0059765,5,2/15/2024,PASEIH,9991,SPRAYS,,JFGYCC89JKT048690,2708,New Harness - Will not calibrate drive system,Unknown,"I want to make sure it's not a pneumatic issue or issues within the valve block. I swapped the coils and found that the problem was due to one coil. Since these coils are not sold individually, a new block was added. But the problem was still there","Bent - Bracket, Missed - Bumper","Bracket - Installed, Rubber Bump Stop - Installed",SO0059765,5,Not Specified,0,PASE,47828279                     CASE,SENSOR,0,0,7/15/2024,52.05,6779.7598
SO0059765-7,SO0059765,7,2/15/2024,PASEIH,9991,SPRAYS,,JFGYCC89JKT048690,2708,New Harness - Will not calibrate drive system,Unknown,"I want to make sure it's not a pneumatic issue or issues within the valve block. I swapped the coils and found that the problem was due to one coil. Since these coils are not sold individually, a new block was added. But the problem was still there","Broken - Spring, Broken - Spring","Eye Bolt - Installed, Spring - Reconnected, Spring Bolt - Realigned",SO0059765,7,Not Specified,0,PASE,47708484                     CASE,SENSOR,0,0,7/15/2024,52.05,6779.7598
SO0059765-8,SO0059765,8,2/15/2024,PASEIH,9991,SPRAYS,,JFGYCC89JKT048690,2708,New Harness - Will not calibrate drive system,Unknown,"I want to make sure it's not a pneumatic issue or issues within the valve block. I swapped the coils and found that the problem was due to one coil. Since these coils are not sold individually, a new block was added. But the problem was still there",Not Mentioned - Machine,"Engine - Drained, Oil Filter Housing - Removed, Filter - Discarded, Housing - Cleaned, O Ring - Installed, Filter - Installed, Engine - Retightened, Drain Plug - Reinstalled",SO0059765,8,Not Specified,2,PASE,47597399                     CASE,SENSOR,1643.5398,1643.5398,7/15/2024,52.05,6779.7598
SO0059765-9,SO0059765,9,2/15/2024,PASEIH,9991,SPRAYS,,JFGYCC89JKT048690,2708,New Harness - Will not calibrate drive system,Unknown,"I want to make sure it's not a pneumatic issue or issues within the valve block. I swapped the coils and found that the problem was due to one coil. Since these coils are not sold individually, a new block was added. But the problem was still there",Not Mentioned - Hood,"Brass Bush - Installed, Bolt - Installed, Bolt - Retightened",SO0059765,9,Not Specified,0,PASE,5802229065                   CASE,HARNESS  WIRE,0,0,7/15/2024,52.05,6779.7598
SO0059880-3,SO0059880,3,2/15/2024,PASEIH,9991,SPRAYS,,JFGYCC89JKT048690,2708,New Harness - Will not calibrate drive system,Unknown,"I want to make sure it's not a pneumatic issue or issues within the valve block. I swapped the coils and found that the problem was due to one coil. Since these coils are not sold individually, a new block was added. But the problem was still there",Not Mentioned - Door,"Door - Removed, No Component Mentioned - Cleaned, Seal - Installed, Door - Reinstalled",SO0059880,3,Not Specified,0,PASE,51636004                     CASE,MANIFOLD,0,0,7/15/2024,52.05,6779.7598
SO0059915-1,SO0059915,1,2/15/2024,PASEIH,9991,SPRAYS,,JFGYCC89JKT048690,2708,No VSN or RS1,harnesses hooked up incorrectly,"The wiring harness was repaired, but a broken pin was found in the bulkhead to RS1.",Not Spraying - NCV,Spray System - Tested,SO0059915,1,Not Specified,0,PASE,47708484                     CASE,SENSOR,0,0,6/6/2024,4.07,712.25
SO0059919-5,SO0059919,5,2/15/2024,PASEIH,9991,SPRAYS,,JFGYCC89JKT048690,2708,Air Suspension not working as designed.,Air Manifold Coil failure and Height Sensor/Spindle Worn,"I want to make sure it's not a pneumatic issue or issues within the valve block. I swapped the coils and found that the problem was due to one coil. These coils are not sold individually, so a new distributor was fitted. The problem was still there","Error Code - DEF System, Derated - DEF System",DEF - Replaced,SO0059919,5,Not Specified,0,PASE,47597399                     CASE,SENSOR,0,0,7/15/2024,12.9299,9825.4797
SO0059940-1,SO0059940,1,2/15/2024,PASEIH,9991,SPRAYS,,JFGYCC89JKT048690,2708,Air Suspension not working as designed.,Air Manifold Coil failure and Height Sensor/Spindle Worn,"I want to make sure it's not a pneumatic issue or issues within the valve block. I swapped the coils and found that the problem was due to one coil. These coils are not sold individually, so a new distributor was fitted. The problem was still there",Torn - Belt,"Belt - Removed, Roller - Installed, Bearing - Installed, Belt - Installed, Belt - Realigned",SO0059940,1,Not Specified,2,PASE,90421481                     CASE,HARNESS WIRE,698.8998,422.0099,7/15/2024,12.9299,9825.4797
SO0059968-1,SO0059968,1,2/15/2024,PASEIH,9991,SPRAYS,,JFGYCC89JKT048690,2708,Air Suspension not working as designed.,Air Manifold Coil failure and Height Sensor/Spindle Worn,"I want to make sure it's not a pneumatic issue or issues within the valve block. I swapped the coils and found that the problem was due to one coil. These coils are not sold individually, so a new distributor was fitted. The problem was still there",Not Shifted - Transmission,No Component Mentioned - No Component Mentioned,SO0059968,1,Not Specified,1,PASE,90421479                     CASE,HARNESS WIRE,347.1999,220.2,7/15/2024,12.9299,9825.4797
SO0059968-2,SO0059968,2,2/15/2024,PASEIH,9991,SPRAYS,,JFGYCC89JKT048690,2708,Air Suspension not working as designed.,Air Manifold Coil failure and Height Sensor/Spindle Worn,"I want to make sure it's not a pneumatic issue or issues within the valve block. I swapped the coils and found that the problem was due to one coil. These coils are not sold individually, so a new distributor was fitted. The problem was still there",Error Code - No Component Mentioned,"Fuel Line - Removed, Fuel Filter - Replaced",SO0059968,2,Not Specified,1,PASE,51636004                     CASE,MANIFOLD,5630.63,4034.15,7/15/2024,12.9299,9825.4797
SO0059977-1,SO0059977,1,2/15/2024,PASEIH,9991,SPRAYS,,JFGYCC89JKT048690,2708,Air Suspension not working as designed.,Air Manifold Coil failure and Height Sensor/Spindle Worn,"I want to make sure it's not a pneumatic issue or issues within the valve block. I swapped the coils and found that the problem was due to one coil. These coils are not sold individually, so a new distributor was fitted. The problem was still there",Not Mentioned - Filter,"Auxiliary Transmission - Drained, Auxiliary Transmission - Filled, Engine - Drained, Engine Oil Filter - Replaced, Engine - Refilled, Intank Hydraulic Filter - Replaced, Rear Hub - Drained",SO0059977,1,Not Specified,3,PASE,47828279                     CASE,SENSOR,723,432.02,7/15/2024,12.9299,9825.4797
SO0060018-1,SO0060018,1,2/15/2024,PASEIH,9991,SPRAYS,,JFGYCC89JKT048690,2708,Air Suspension not working as designed.,Air Manifold Coil failure and Height Sensor/Spindle Worn,"I want to make sure it's not a pneumatic issue or issues within the valve block. I swapped the coils and found that the problem was due to one coil. These coils are not sold individually, so a new distributor was fitted. The problem was still there",Faulty - DEF System,No Component Mentioned - No Component Mentioned,SO0060018,1,Not Specified,4,PASE,47926222                     CASE,SENSOR,163,100.96,7/15/2024,12.9299,9825.4797
SO0060020-1,SO0060020,1,2/15/2024,PASEIH,9991,SPRAYS,,JFGYCC89JKT048690,2708,Power tarp will only operate correctly,40 amp fuse,"TESTED VOLTAGE ON TARP MOTOR, NO VOLTAGE. CHECKED VOLTAGE AT THE TARP BOX, 12V WENT INTO THE BOX BUT 0V COMES OUT. I turned off the box and there is 12V coming out of the box, the tarpaulin is still not working. Tested the 40 amp fuse and found it to be bad as I still need the fuse",Broken - Cylinder,"Bolt - Replaced, Mount - Adjusted, Left Hand Cylinder Bolt - Installed",SO0060020,1,Not Specified,1,"POLO-CLI, INC.",4000702                      AGRICO,CONTROL BOX,572,312,6/6/2024,2.9699,1091.75
SO0060022-10,SO0060022,10,2/15/2024,PASEIH,9991,SPRAYS,,JFGYCC89JKT048690,2708,Fuel Pressure/Temp Codes,Engine Harness Failure,"Undervoltage at fuel pressure/temperature sensor, ordered wiring harness. Wiring harness and pressure sensor installed, unit tested and all codes corrected.",Oil Leak - Cooler,"Radiator Screen - Removed, Engine Shroud - Supported, No Component Mentioned - Drained, Condenser - Removed, Receiver Dryer - Removed, Hydraulic Line - Removed, Line - Sealed, Cooler - Removed, Hydraulic Cooler - Removed",SO0060022,10,Not Specified,1,PASE,500382599                    CASE,SENSOR,36.5,20.69,7/15/2024,11.3798,2912.8
SO0060022-4,SO0060022,4,2/15/2024,PASEIH,9991,SPRAYS,,JFGYCC89JKT048690,2708,Aim Command Harness Connector BrokenAutoFold Sensor Failed,Unknown,Repaired wiring harness on the machine and supplying a new wiring harness to replace when the machine is down. Sensor delivered to customer.,Not Mentioned - Not Mentioned,Filter - Sent,SO0060022,4,Not Specified,1,PASE,47708484                     CASE,SENSOR,202.25,138.66,7/15/2024,9.58,1799.25
SO0060022-7,SO0060022,7,2/15/2024,PASEIH,9991,SPRAYS,,JFGYCC89JKT048690,2708,Aim Command Harness Connector BrokenAutoFold Sensor Failed,Unknown,Repaired wiring harness on the machine and supplying a new wiring harness to replace when the machine is down. Sensor delivered to customer.,Erratic - Breakaway,"Hardware - Installed, Pin - Installed",SO0060022,7,Not Specified,1,PASE,51672169                     CASE,HARNESS  WIRE,1597,1002.61,7/15/2024,9.58,1799.25
SO0060022-9,SO0060022,9,2/15/2024,PASEIH,9991,SPRAYS,,JFGYCC89JKT048690,2708,Fuel Pressure/Temp Codes,Engine Harness Failure,"Undervoltage at fuel pressure/temperature sensor, ordered wiring harness. Wiring harness and pressure sensor installed, unit tested and all codes corrected.",Leak - Pan,"Oil Pan - Removed, Gasket - Removed",SO0060022,9,Not Specified,1,PASE,5802229065                   CASE,HARNESS  WIRE,884.8,568.2599,7/15/2024,11.3798,2912.8
SO0060030-1,SO0060030,1,2/15/2024,PASEIH,6780,APPL,2023,JFGYF44BCPT056609,496,Coolant leaking out of the top nipple of the deareation tank.,Bad weld.PMI Billed on WE0422210 400 BI 61: 6 UNITS10 400 BE 86: 3 UNITS10 210 AF 16: 3 UNITS00 200 AA 10: 3 UNITS00 150 AB 01: 10 UNITS10 400 BE 88: 3 UNITScode 409casual pn 84181900,"Come to the machine on 03/15/2024 with coolant leaking from the upper nipple of the vent tank. Started by disconnecting the small tool lines and removing them from the tank. After removing them, I removed the fittings and applied thread sealant",Not Mentioned - Slack,"Cage Bolt - Removed, Brake Can - Installed, Cotter Pin - Removed",SO0060030,1,4st year Base Warranty.CNH CLAIM# 505000402480,1,PASE,84181900                     CASE,TANK,712.5299,449.0099,3/19/2024,3.22,1332.3799
SO0060038-1,SO0060038,1,2/15/2024,PASEIH,6780,APPL,2023,JFGYF44BCPT056609,496,Coolant leaking out of the top nipple of the deareation tank.,Bad weld.PMI Billed on WE0422210 400 BI 61: 6 UNITS10 400 BE 86: 3 UNITS10 210 AF 16: 3 UNITS00 200 AA 10: 3 UNITS00 150 AB 01: 10 UNITS10 400 BE 88: 3 UNITScode 409casual pn 84181900,"Come to the machine on 03/15/2024 with coolant leaking from the upper nipple of the vent tank. Started by disconnecting the small tool lines and removing them from the tank. After removing them, I removed the fittings and applied thread sealant",Broken - Spring,"Right Front Wheel - Removed, Grease Line - Removed, Pen Keeper - Removed, U Bolt - Cut, Pin - Ran",SO0060038,1,4st year Base Warranty.CNH CLAIM# 505000402480,0,PASE,73344349                     CASE,GREASE 251 HEPT TUBE,0,0,3/19/2024,3.22,1332.3799
SO0060038-2,SO0060038,2,2/16/2024,CHR,COT 561,SPRAYS,2023,M2301243,0,DIS#HR00136,Hood reinforcement service  bulliten so90418.,"Open the hood, clean it and prepare it for mounting the bracket. Position the bracket, clamp it and mark the holes. Drill all necessary holes and mount the bracket to the lower front hood. Test opening and closing the hood for any obstructions. Ok, passed, completed on February 19, 2024.",Worn - Air Conditioner,"Line - Removed, Line - Installed, Air Conditioner - Recharged, Wear Guard - Installed",SO0060038,2,Not Specified,1,CHR LOGISTICS,90418                        RBR,HOOD HINGE REINFORMENT PLATE,47.48,47.48,4/5/2024,1.75,397.48
SO0060038-4,SO0060038,4,2/17/2024,PASEIH,9861,SPRAYS,2023,JFGYS435CPT056696,463,"window broke out, need to install new window. new window is cloudy need new window installed.REPAIR STARTED ON DIS WO# WN17256",broken windshield,"DMH-26JAN2024 - HELP REMOVE FUEL AND DEF TANKS.756 COLLECTED BROKEN GLASS AND REMOVED FRONT HOOD AND WIPER BLADES. To remove, empty the fuel tank and empty the defibrillator tank. REMOVES FRONT LED ROOF CAP LIGHTS TO INSTALL FRONT WINDOW. REMOVED 4",Leak - Wheel,Wheel Seal - Removed,SO0060038,4,Not Specified,1,PASE,91806582                     CASE,DECAL,12.84,9.06,3/4/2024,9.58,9251.4599
SO0060038-5,SO0060038,5,2/17/2024,PASEIH,9861,SPRAYS,2023,JFGYS435CPT056696,463,"window broke out, need to install new window. new window is cloudy need new window installed.REPAIR STARTED ON DIS WO# WN17256",broken windshield,"DMH-26JAN2024 - HELP REMOVE FUEL AND DEF TANKS.756 COLLECTED BROKEN GLASS AND REMOVED FRONT HOOD AND WIPER BLADES. To remove, empty the fuel tank and empty the defibrillator tank. REMOVES FRONT LED ROOF CAP LIGHTS TO INSTALL FRONT WINDOW. REMOVED 4",Not Mentioned - Shaft,No Component Mentioned - Performed,SO0060038,5,Not Specified,1,PASE,91806583                     CASE,DECAL,12.84,9.06,3/4/2024,9.58,9251.4599
SO0060085-1,SO0060085,1,2/17/2024,PASEIH,9861,SPRAYS,2023,JFGYS435CPT056696,463,"window broke out, need to install new window. new window is cloudy need new window installed.REPAIR STARTED ON DIS WO# WN17256",broken windshield,"DMH-26JAN2024 - HELP REMOVE FUEL AND DEF TANKS.756 COLLECTED BROKEN GLASS AND REMOVED FRONT HOOD AND WIPER BLADES. To remove, empty the fuel tank and empty the defibrillator tank. REMOVES FRONT LED ROOF CAP LIGHTS TO INSTALL FRONT WINDOW. REMOVED 4",Worn - Steering,"Spherical Bearing - Removed, Spherical Bearing - Installed, Cylinder Bolt - Reinstalled, Bearing - Greased",SO0060085,1,Not Specified,1,PASE,90504279                     CASE,DECAL,23.71,16.74,3/4/2024,9.58,9251.4599
SO0060102-2,SO0060102,2,2/17/2024,PASEIH,9861,SPRAYS,2023,JFGYS435CPT056696,463,"window broke out, need to install new window. new window is cloudy need new window installed.REPAIR STARTED ON DIS WO# WN17256",broken windshield,"DMH-26JAN2024 - HELP REMOVE FUEL AND DEF TANKS.756 COLLECTED BROKEN GLASS AND REMOVED FRONT HOOD AND WIPER BLADES. To remove, empty the fuel tank and empty the defibrillator tank. REMOVES FRONT LED ROOF CAP LIGHTS TO INSTALL FRONT WINDOW. REMOVED 4",Stopped - Fan,"PTO Pump - Replaced, Harness - Replaced",SO0060102,2,Not Specified,1,PASE,90504274                     CASE,DECAL,23.71,16.73,3/4/2024,9.58,9251.4599
SO0060102-3,SO0060102,3,2/17/2024,PASEIH,9861,SPRAYS,2023,JFGYS435CPT056696,463,"window broke out, need to install new window. new window is cloudy need new window installed.REPAIR STARTED ON DIS WO# WN17256",broken windshield,"DMH-26JAN2024 - HELP REMOVE FUEL AND DEF TANKS.756 COLLECTED BROKEN GLASS AND REMOVED FRONT HOOD AND WIPER BLADES. To remove, empty the fuel tank and empty the defibrillator tank. REMOVES FRONT LED ROOF CAP LIGHTS TO INSTALL FRONT WINDOW. REMOVED 4",Not Setting - Spinner,No Component Mentioned - No Component Mentioned,SO0060102,3,Not Specified,2,PASE,90498204                     CASE,WINDSHIELD,1667.96,1100.42,3/4/2024,9.58,9251.4599
SO0060102-4,SO0060102,4,2/17/2024,PASEIH,9861,SPRAYS,2023,JFGYS435CPT056696,463,"window broke out, need to install new window. new window is cloudy need new window installed.REPAIR STARTED ON DIS WO# WN17256",broken windshield,"DMH-26JAN2024 - HELP REMOVE FUEL AND DEF TANKS.756 COLLECTED BROKEN GLASS AND REMOVED FRONT HOOD AND WIPER BLADES. To remove, empty the fuel tank and empty the defibrillator tank. REMOVES FRONT LED ROOF CAP LIGHTS TO INSTALL FRONT WINDOW. REMOVED 4",Not Opening - Bin,Air Line Splice - Installed,SO0060102,4,Not Specified,2,PASE,90471433                     CASE,DECAL,17.08,12.04,3/4/2024,9.58,9251.4599
SO0060107-1,SO0060107,1,2/17/2024,PASEIH,9861,SPRAYS,2023,JFGYS435CPT056696,463,"window broke out, need to install new window. new window is cloudy need new window installed.REPAIR STARTED ON DIS WO# WN17256",broken windshield,"DMH-26JAN2024 - HELP REMOVE FUEL AND DEF TANKS.756 COLLECTED BROKEN GLASS AND REMOVED FRONT HOOD AND WIPER BLADES. To remove, empty the fuel tank and empty the defibrillator tank. REMOVES FRONT LED ROOF CAP LIGHTS TO INSTALL FRONT WINDOW. REMOVED 4",Missed - Ladder,Bumper Stop - Installed,SO0060107,1,Not Specified,2,PASE,51497261                     CASE,DECAL,41.84,29.52,3/4/2024,9.58,9251.4599
SO0060154-1,SO0060154,1,2/17/2024,PASEIH,9861,SPRAYS,2023,JFGYS435CPT056696,463,"window broke out, need to install new window. new window is cloudy need new window installed.REPAIR STARTED ON DIS WO# WN17256",broken windshield,"DMH-26JAN2024 - HELP REMOVE FUEL AND DEF TANKS.756 COLLECTED BROKEN GLASS AND REMOVED FRONT HOOD AND WIPER BLADES. To remove, empty the fuel tank and empty the defibrillator tank. REMOVES FRONT LED ROOF CAP LIGHTS TO INSTALL FRONT WINDOW. REMOVED 4","Faulty - Wheel, Speed Restricted - Machine",Bulkhead Connector - Replaced,SO0060154,1,Not Specified,2,PASE,48151543                     CASE,DECAL,213.46,150.66,3/4/2024,9.58,9251.4599
SO0060190-2,SO0060190,2,2/17/2024,CHR,PENT 909,SPRAYS,2022,FA2206453,445,REPAIR ORIGINAL STARTED ON DIS# WN17270RANDY 308-991-1970RIGHT FRONT AXLE EXTENSION SEAL LEAKING,Unknown,"FLUID IS ALSO USED ON SEG 2 FOR FLUID CHANGE. MH-01FEB2024-WASHED OFF FRONT AXLE. JACK UP THE MACHINE AND PLACE A SAFETY STAND UNDER THE UNIT. TIRE REMOVED, STEERING CYLINDER END REMOVED FROM HUB. AIR SPRING BAG AND MOUNTING PLATE REMOVED. BRAKE AIR CONNECTION REMOVED","Blown - Engine, Dead - No Component Mentioned",No Component Mentioned - No Component Mentioned,SO0060190,2,Not Specified,2,CHR LOGISTICS,110-2.0027                   RBR,O-RING,4.9199,4.9199,2/29/2024,9.58,4177.4295
SO0060204-1,SO0060204,1,2/17/2024,CHR,PENT 909,SPRAYS,2022,FA2206453,445,REPAIR ORIGINAL STARTED ON DIS# WN17270RANDY 308-991-1970RIGHT FRONT AXLE EXTENSION SEAL LEAKING,Unknown,"FLUID IS ALSO USED ON SEG 2 FOR FLUID CHANGE. MH-01FEB2024-WASHED OFF FRONT AXLE. JACK UP THE MACHINE AND PLACE A SAFETY STAND UNDER THE UNIT. TIRE REMOVED, STEERING CYLINDER END REMOVED FROM HUB. AIR SPRING BAG AND MOUNTING PLATE REMOVED. BRAKE AIR CONNECTION REMOVED",High Voltage - Lift,No Component Mentioned - No Component Mentioned,SO0060204,1,Not Specified,2,CHR LOGISTICS,110-2.0029                   RBR,WIPER RING,72.3799,72.3799,2/29/2024,9.58,4177.4295
SO0060234-1,SO0060234,1,2/17/2024,CHR,PENT 909,SPRAYS,2022,FA2206453,445,REPAIR ORIGINAL STARTED ON DIS# WN17270RANDY 308-991-1970RIGHT FRONT AXLE EXTENSION SEAL LEAKING,Unknown,"FLUID IS ALSO USED ON SEG 2 FOR FLUID CHANGE. MH-01FEB2024-WASHED OFF FRONT AXLE. JACK UP THE MACHINE AND PLACE A SAFETY STAND UNDER THE UNIT. TIRE REMOVED, STEERING CYLINDER END REMOVED FROM HUB. AIR SPRING BAG AND MOUNTING PLATE REMOVED. BRAKE AIR CONNECTION REMOVED",Not Engaged - Steering,No Component Mentioned - No Component Mentioned,SO0060234,1,Not Specified,2,CHR LOGISTICS,110-2.0101                   RBR,BALL JOINT,569.1599,569.1599,2/29/2024,9.58,4177.4295
SO0060234-3,SO0060234,3,2/17/2024,CHR,PENT 909,SPRAYS,2022,FA2206453,445,REPAIR ORIGINAL STARTED ON DIS# WN17270RANDY 308-991-1970RIGHT FRONT AXLE EXTENSION SEAL LEAKING,Unknown,"FLUID IS ALSO USED ON SEG 2 FOR FLUID CHANGE. MH-01FEB2024-WASHED OFF FRONT AXLE. JACK UP THE MACHINE AND PLACE A SAFETY STAND UNDER THE UNIT. TIRE REMOVED, STEERING CYLINDER END REMOVED FROM HUB. AIR SPRING BAG AND MOUNTING PLATE REMOVED. BRAKE AIR CONNECTION REMOVED",Stuck - Valve,Valve - Replaced,SO0060234,3,Not Specified,2,CHR LOGISTICS,110-2.0143                   RBR,RING SUPPORT,830.3,830.2799,2/29/2024,9.58,4177.4295
SO0060234-4,SO0060234,4,2/17/2024,CHR,PENT 909,SPRAYS,2022,FA2206453,445,REPAIR ORIGINAL STARTED ON DIS# WN17270RANDY 308-991-1970RIGHT FRONT AXLE EXTENSION SEAL LEAKING,Unknown,"FLUID IS ALSO USED ON SEG 2 FOR FLUID CHANGE. MH-01FEB2024-WASHED OFF FRONT AXLE. JACK UP THE MACHINE AND PLACE A SAFETY STAND UNDER THE UNIT. TIRE REMOVED, STEERING CYLINDER END REMOVED FROM HUB. AIR SPRING BAG AND MOUNTING PLATE REMOVED. BRAKE AIR CONNECTION REMOVED",Not Turning - Starter,No Component Mentioned - No Component Mentioned,SO0060234,4,Not Specified,4,CHR LOGISTICS,110-2.0021                   RBR,O-RING 2-262,91.7999,91.76,2/29/2024,9.58,4177.4295
SO0060259-1,SO0060259,1,2/17/2024,CHR,PENT 909,SPRAYS,2022,FA2206453,445,REPAIR ORIGINAL STARTED ON DIS# WN17270RANDY 308-991-1970CUSTOMER REQUEST SAID THERE ARE LEAKDS AND LOOSE BOLTS ON THE RH SIDE OF BED,Unknown,"DMH-07FEB2024  2 LEAKS FOUND. One is the PTO shaft seal and the other is the SALFORD box tank line that goes to the pump on the left side of the gearbox. Have been looking around for loose hardware, need to contact customer for more information.DMH-08FEB2024-REMOVE",Oil Leak - Belt,"Motor Housing - Cleaned, Bolt - Cleaned, Motor Bolt - Retightened",SO0060259,1,Not Specified,12,AVRN MOTO,1483802                      ARNOLD,BRAKE CLEAN/CAN,96,35.88,2/29/2024,9.58,1828.54
SO0060292-1,SO0060292,1,2/17/2024,CHR,PENT 909,SPRAYS,2022,FA2206453,445,REPAIR ORIGINAL STARTED ON DIS# WN17270RANDY 308-991-1970CUSTOMER REQUEST SAID THERE ARE LEAKDS AND LOOSE BOLTS ON THE RH SIDE OF BED,Unknown,"DMH-07FEB2024  2 LEAKS FOUND. One is the PTO shaft seal and the other is the SALFORD box tank line that goes to the pump on the left side of the gearbox. Have been looking around for loose hardware, need to contact customer for more information.DMH-08FEB2024-REMOVE","Burnt - Wire, Missed - Wire",NCV Harness - Replaced,SO0060292,1,Not Specified,3,PASE,73341722                     CASE,OIL  TRANSMISSION,74.7,66.2699,2/29/2024,9.58,1828.54
SO0060328-1,SO0060328,1,2/19/2024,CHR,PECT 235,SPRAYS,2022,FA2206477,811,outer axle seal leaking,Unknown,arrived at the machine's location on 03/04/24. The customer had removed the bike. Hub oil drained. Brake drum and hub cover removed. Fender and upper kingpin plate removed. Lower kingpin plate removed. Sun gear removed from axle shaft. supported steering knuckle with fork lift,"Broken - Mirror, Noise - Mirror","RIght Mirror Mount Arm - Replaced, Mirror Head - Reassembled, Wire - Reconnected, Electrical Mirror - Realigned",SO0060328,1,Not Specified,1,CHR LOGISTICS,6160136                      RBR,SEAL,55.7199,33.06,3/5/2024,2,431.9699
SO0060346-1,SO0060346,1,2/19/2024,PASEIH,9991,SPRAYS,2019,JFGYCC89AJT048112,3150.1999,CUSTOMER STATES THAT RIGHT FUEL TANK IS LEAKIING,fuel tanks leaking due to corrosion and rust on tank due to customer not cleaning machine.,"Replace the fuel tank with a new tank.  High pressure air tank removed, cabin apron removed, tank hoses removed, tank bolts removed, tank removed. All fittings changed to new tank.  New tank and hoses installed, tank screws installed, cabin apron installed, in",Failed - Hydraulic System,No Component Mentioned - No Component Mentioned,SO0060346,1,fuel tanks found leaking on pmi inspection.,1,PASE,90434981                     CASE,TANK,3183.25,1971.43,2/27/2024,14.38,5632.24
SO0060376-1,SO0060376,1,2/19/2024,PASEIH,9991,SPRAYS,2019,JFGYCC89AJT048112,3147,CUSTOMER STATES THAT LEFT FUEL TANK IS LEAKING.,leak due to corrosion,"Def tank, railings, catwalk, etc. removed. Mounting screws and all necessary parts removed. Remove all necessary wiring, fittings and wiring harnesses. Tank removed and fittings replaced. install new tank. Reassemble all of the above parts.","Not Engaged - Transfer Case, Not Mentioned - Four Wheel Drive",Wire - Soldered,SO0060376,1,leak found during pmi inspection.,1,PASE,90436923                     CASE,TANK,3707.55,2211.09,2/27/2024,6.7199,4899.56
SO0060395-1,SO0060395,1,2/19/2024,CHR,PENT 909,SPRAYS,2021,FA2106395,533,Replace planetary plugleft rear planetary missing thrust bottom.,the thrust screw had backed out they wanted them checked and torqued found the left rear thrust button was missing,Removed the connector from the planetary gears. Locknuts removed. I cleaned the plugs. I installed it. The interior tightened to spec. Mark the inside and tighten the lock nut to specification. The button on the axle was missing at the rear left. Tires removed. Oil drained. re,"Derated - DEF System, Inoperative - DEF",DEF Pump - Installed,SO0060395,1,Not Specified,1,CHR LOGISTICS,6160156                      RBR,Wheel bearing set,356.5199,211.78,3/12/2024,4.5499,7923.8791
SO0060395-2,SO0060395,2,2/19/2024,CHR,PENT 909,SPRAYS,2021,FA2106395,533,Replace planetary plugleft rear planetary missing thrust bottom.,the thrust screw had backed out they wanted them checked and torqued found the left rear thrust button was missing,Removed the connector from the planetary gears. Locknuts removed. I cleaned the plugs. I installed it. The interior tightened to spec. Mark the inside and tighten the lock nut to specification. The button on the axle was missing at the rear left. Tires removed. Oil drained. re,"Smashed - Hood, Smashed - Grill","Hood - Removed, Front Grill - Removed, Wire Harness - Removed, Center Hood - Replaced, Grill - Installed",SO0060395,2,Not Specified,1,CHR LOGISTICS,6160215                      RBR,BUTTON THRUST MERITOR,8.6699,4.6399,3/12/2024,4.5499,7923.8791
SO0060395-3,SO0060395,3,2/19/2024,CHR,PENT 909,SPRAYS,2021,FA2106395,533,Replace planetary plugleft rear planetary missing thrust bottom.,the thrust screw had backed out they wanted them checked and torqued found the left rear thrust button was missing,Removed the connector from the planetary gears. Locknuts removed. I cleaned the plugs. I installed it. The interior tightened to spec. Mark the inside and tighten the lock nut to specification. The button on the axle was missing at the rear left. Tires removed. Oil drained. re,Leak - Spinner,"Line - Retightened, Fitting - Replaced",SO0060395,3,Not Specified,1,CHR LOGISTICS,6160217                      RBR,THRUST WASHER,58.6499,35.1899,3/12/2024,4.5499,7923.8791
SO0060395-4,SO0060395,4,2/19/2024,CHR,PENT 909,SPRAYS,2021,FA2106395,533,Replace planetary plugleft rear planetary missing thrust bottom.,the thrust screw had backed out they wanted them checked and torqued found the left rear thrust button was missing,Removed the connector from the planetary gears. Locknuts removed. I cleaned the plugs. I installed it. The interior tightened to spec. Mark the inside and tighten the lock nut to specification. The button on the axle was missing at the rear left. Tires removed. Oil drained. re,Leak - Fuel Tank,"Fuel Tank Drain Plug - Removed, Fuel Tank - Drained, Left Cab Skirt - Removed, Filler Neck - Removed, Vent Hose - Removed, Level Sender Connector - Removed, Clamp - Unbolted",SO0060395,4,Not Specified,1,CHR LOGISTICS,6160210                      RBR,SCREW THRUST MER,29.98,17.99,3/12/2024,4.5499,7923.8791
SO0060395-5,SO0060395,5,2/19/2024,CHR,PENT 909,SPRAYS,2021,FA2106395,533,Replace planetary plugleft rear planetary missing thrust bottom.,the thrust screw had backed out they wanted them checked and torqued found the left rear thrust button was missing,Removed the connector from the planetary gears. Locknuts removed. I cleaned the plugs. I installed it. The interior tightened to spec. Mark the inside and tighten the lock nut to specification. The button on the axle was missing at the rear left. Tires removed. Oil drained. re,Inoperative - Light,Bulb - Replaced,SO0060395,5,Not Specified,1,CHR LOGISTICS,6160209                      RBR,JAM NUT MERITOR,24.5,14.7,3/12/2024,4.5499,7923.8791
SO0060395-6,SO0060395,6,2/19/2024,CHR,PENT 909,SPRAYS,2021,FA2106395,533,Replace planetary plugleft rear planetary missing thrust bottom.,the thrust screw had backed out they wanted them checked and torqued found the left rear thrust button was missing,Removed the connector from the planetary gears. Locknuts removed. I cleaned the plugs. I installed it. The interior tightened to spec. Mark the inside and tighten the lock nut to specification. The button on the axle was missing at the rear left. Tires removed. Oil drained. re,Leak - Pan,"Oil Pan - Removed, Oil Pan - Cleaned, Engine Block Flange - Cleaned",SO0060395,6,Not Specified,1,CHR LOGISTICS,6160142                      RBR,ORING FILL PLUG,4.7199,2.8,3/12/2024,4.5499,7923.8791
SO0060395-7,SO0060395,7,2/19/2024,CHR,PENT 909,SPRAYS,2021,FA2106395,533,Replace planetary plugleft rear planetary missing thrust bottom.,the thrust screw had backed out they wanted them checked and torqued found the left rear thrust button was missing,Removed the connector from the planetary gears. Locknuts removed. I cleaned the plugs. I installed it. The interior tightened to spec. Mark the inside and tighten the lock nut to specification. The button on the axle was missing at the rear left. Tires removed. Oil drained. re,"Not Installed - Tarp, Fraying - Tarp, Damaged - Tarp","Cable - Replaced, Cable - Retightened",SO0060395,7,Not Specified,1,CHR LOGISTICS,6160208                      RBR,SNAP RING,28,16.8,3/12/2024,4.5499,7923.8791
SO0060455-1,SO0060455,1,2/19/2024,CHR,PENT 909,SPRAYS,2021,FA2106395,533,Replace planetary plugleft rear planetary missing thrust bottom.,the thrust screw had backed out they wanted them checked and torqued found the left rear thrust button was missing,Removed the connector from the planetary gears. Locknuts removed. I cleaned the plugs. I installed it. The interior tightened to spec. Mark the inside and tighten the lock nut to specification. The button on the axle was missing at the rear left. Tires removed. Oil drained. re,Stuck - Axle,"Axle - Cleaned, Axle Liner - Removed",SO0060455,1,Not Specified,1,CHR LOGISTICS,6160211                      RBR,PLUG OIL MERITOR,9.33,5.6,3/12/2024,4.5499,7923.8791
SO0060461-1,SO0060461,1,2/19/2024,CHR,PENT 909,SPRAYS,2021,FA2106395,533,Replace planetary plugleft rear planetary missing thrust bottom.,the thrust screw had backed out they wanted them checked and torqued found the left rear thrust button was missing,Removed the connector from the planetary gears. Locknuts removed. I cleaned the plugs. I installed it. The interior tightened to spec. Mark the inside and tighten the lock nut to specification. The button on the axle was missing at the rear left. Tires removed. Oil drained. re,Not Reading - DEF System,"Level Sensor - Replaced, Suction Filter - Replaced, O Ring - Replaced, DEF Header - Installed, Cover - Installed",SO0060461,1,Not Specified,1,CHR LOGISTICS,6160152                      RBR,CARRIER PLANETARY MERITOR,3732.1199,1684.97,3/12/2024,4.5499,7923.8791
SO0060461-2,SO0060461,2,2/19/2024,CHR,PENT 909,SPRAYS,2021,FA2106395,533,Replace planetary plugleft rear planetary missing thrust bottom.,the thrust screw had backed out they wanted them checked and torqued found the left rear thrust button was missing,Removed the connector from the planetary gears. Locknuts removed. I cleaned the plugs. I installed it. The interior tightened to spec. Mark the inside and tighten the lock nut to specification. The button on the axle was missing at the rear left. Tires removed. Oil drained. re,Not Mentioned - Not Mentioned,"Wheel Nut - Retightened, Catwalk Panel - Installed",SO0060461,2,Not Specified,1,CHR LOGISTICS,6160323.001                  RBR,KIT PLANETARY GEAR (4GEAR ASSY,825.7799,495.44,3/12/2024,4.5499,7923.8791
SO0060461-3,SO0060461,3,2/19/2024,CHR,PENT 909,SPRAYS,2021,FA2106395,533,Replace planetary plugleft rear planetary missing thrust bottom.,the thrust screw had backed out they wanted them checked and torqued found the left rear thrust button was missing,Removed the connector from the planetary gears. Locknuts removed. I cleaned the plugs. I installed it. The interior tightened to spec. Mark the inside and tighten the lock nut to specification. The button on the axle was missing at the rear left. Tires removed. Oil drained. re,Not Mentioned - Not Mentioned,Tool Box - Installed,SO0060461,3,Not Specified,1,CHR LOGISTICS,6160159                      RBR,O-RING,27.33,16.73,3/12/2024,4.5499,7923.8791
SO0060461-6,SO0060461,6,2/19/2024,CHR,PENT 909,SPRAYS,2021,FA2106395,533,Replace planetary plugleft rear planetary missing thrust bottom.,the thrust screw had backed out they wanted them checked and torqued found the left rear thrust button was missing,Removed the connector from the planetary gears. Locknuts removed. I cleaned the plugs. I installed it. The interior tightened to spec. Mark the inside and tighten the lock nut to specification. The button on the axle was missing at the rear left. Tires removed. Oil drained. re,"Not Installed - No Component Mentioned, Not Installed - Drain, Not Installed - First Aid Kit, Not Installed - Extinguisher","Fire Extinguisher - Installed, First Aid Kit - Installed",SO0060461,6,Not Specified,1,CHR LOGISTICS,6160167                      RBR,NEEDLE BEARING,38.98,19.3599,3/12/2024,4.5499,7923.8791
SO0060501-1,SO0060501,1,2/19/2024,CHR,PENT 909,SPRAYS,2021,FA2106395,533,Replace planetary plugleft rear planetary missing thrust bottom.,the thrust screw had backed out they wanted them checked and torqued found the left rear thrust button was missing,Removed the connector from the planetary gears. Locknuts removed. I cleaned the plugs. I installed it. The interior tightened to spec. Mark the inside and tighten the lock nut to specification. The button on the axle was missing at the rear left. Tires removed. Oil drained. re,Not Mentioned - Unit,No Component Mentioned - Prepared,SO0060501,1,Not Specified,1,CHR LOGISTICS,6160160                      RBR,Wheel bearing set,158.7599,95.23,3/12/2024,4.5499,7923.8791
SO0060521-1,SO0060521,1,2/19/2024,CHR,PENT 909,SPRAYS,2021,FA2106395,533,Replace planetary plugleft rear planetary missing thrust bottom.,the thrust screw had backed out they wanted them checked and torqued found the left rear thrust button was missing,Removed the connector from the planetary gears. Locknuts removed. I cleaned the plugs. I installed it. The interior tightened to spec. Mark the inside and tighten the lock nut to specification. The button on the axle was missing at the rear left. Tires removed. Oil drained. re,Faulty - Engine,Exhaust Flap - Replaced,SO0060521,1,Not Specified,1,CHR LOGISTICS,6160166                      RBR,Spindle Nut,39.95,23.9699,3/12/2024,4.5499,7923.8791
SO0060521-2,SO0060521,2,2/19/2024,CHR,PENT 909,SPRAYS,2021,FA2106395,533,Replace planetary plugleft rear planetary missing thrust bottom.,the thrust screw had backed out they wanted them checked and torqued found the left rear thrust button was missing,Removed the connector from the planetary gears. Locknuts removed. I cleaned the plugs. I installed it. The interior tightened to spec. Mark the inside and tighten the lock nut to specification. The button on the axle was missing at the rear left. Tires removed. Oil drained. re,Not Mentioned - Boom,"Left Boom - Removed, Grease Line - Removed, Hydraulic Hose - Removed, Harness - Removed, Bolt - Removed, Bush - Removed, Pivot Pin - Removed, Boom Fold Spring - Removed, Pivot Pin - Installed",SO0060521,2,Not Specified,1,CHR LOGISTICS,6160149                      RBR,SUN GEAR,1348.48,809.09,3/12/2024,4.5499,7923.8791
SO0060521-3,SO0060521,3,2/19/2024,CHR,PENT 909,SPRAYS,2021,FA2106395,533,Replace planetary plugleft rear planetary missing thrust bottom.,the thrust screw had backed out they wanted them checked and torqued found the left rear thrust button was missing,Removed the connector from the planetary gears. Locknuts removed. I cleaned the plugs. I installed it. The interior tightened to spec. Mark the inside and tighten the lock nut to specification. The button on the axle was missing at the rear left. Tires removed. Oil drained. re,Not Mentioned - Machine,"Engine Oil Filter - Replaced, Fuel Filter - Replaced",SO0060521,3,Not Specified,4,PASE,73344315                     CASE,85W140 GEARLUBE 1 QT,32.7999,23.44,3/12/2024,4.5499,7923.8791
SO0060521-5,SO0060521,5,2/19/2024,CHR,PENT 909,SPRAYS,2021,FA2106395,533,Replace planetary plugleft rear planetary missing thrust bottom.,the thrust screw had backed out they wanted them checked and torqued found the left rear thrust button was missing,Removed the connector from the planetary gears. Locknuts removed. I cleaned the plugs. I installed it. The interior tightened to spec. Mark the inside and tighten the lock nut to specification. The button on the axle was missing at the rear left. Tires removed. Oil drained. re,"Broken - Leaf, Shifted - Spring, Twisted - Spring","Leaf Spring - Reassembled, Center Pin - Replaced",SO0060521,5,Not Specified,1,CHR LOGISTICS,6160135                      RBR,OIL SEAL,292.55,175.53,3/12/2024,4.5499,7923.8791
SO0060526-1,SO0060526,1,2/19/2024,PASEIH,9861,SPRAYS,2024,JFGYS435KRT058433,0,COMPLETED 2-16-24,Unknown,Not Provided,"Not Mentioned - Hose, Not Mentioned - Boom",No Component Mentioned - No Component Mentioned,SO0060526,1,Not Specified,0,PANJEO,150GV                        BANJO,"GSKT,1.5 VITON",0,0,2/27/2024,9.58,4.11
SO0060558-1,SO0060558,1,2/19/2024,PASEIH,9861,SPRAYS,2024,JFGYS435KRT058433,0,COMPLETED 2-16-24,Unknown,Not Provided,Not Mentioned - Not Mentioned,No Component Mentioned - No Component Mentioned,SO0060558,1,Not Specified,0,PANJEO,M200CPG45                    BANJO,FLANGED 45 2,0,0,2/27/2024,9.58,4.11
SO0060558-2,SO0060558,2,2/19/2024,PASEIH,9861,SPRAYS,2024,JFGYS435KRT058433,0,COMPLETED 2-16-24,Unknown,Not Provided,Rate Issue - Machine,"Fan - Replaced, Harness - Attached, Pin Connector - Installed",SO0060558,2,Not Specified,1,BAID,41592-00                     WILGER,BOOM TUBE CLAMP,4.11,2.59,2/27/2024,9.58,4.11
SO0060558-3,SO0060558,3,2/19/2024,PASEIH,9861,SPRAYS,2024,JFGYS435KRT058433,0,COMPLETED 2-16-24,Unknown,Not Provided,Worn - Fan,"Fan - Replaced, Bush - Installed",SO0060558,3,Not Specified,0,PASE,73344349                     CASE,GREASE 251 HEPT TUBE,0,0,2/27/2024,9.58,4.11
SO0060558-4,SO0060558,4,2/19/2024,PASEIH,9861,SPRAYS,2024,JFGYS435KRT058433,0,COMPLETED 2-16-24,Unknown,Not Provided,Not Mentioned - Not Mentioned,"Filter - Replaced, Reservoir - Filled",SO0060558,4,Not Specified,0,PANJEO,FC200                        BANJO,CLAMP MANIFOLD 2,0,0,2/27/2024,9.58,4.11
SO0060565-1,SO0060565,1,2/19/2024,PASEIH,9861,SPRAYS,2024,JFGYS435KRT058433,0,COMPLETED 2-22-24,Unknown,Not Provided,Leak - Fuel Filter,No Component Mentioned - No Component Mentioned,SO0060565,1,Not Specified,1,WILLY,680/50R46 GY50               HARRYS,SET OF WHEELS,25798,15887.02,2/26/2024,3.5998,26428
SO0060571-1,SO0060571,1,2/19/2024,PASEIH,9861,SPRAYS,2024,JFGYS435KRT058433,0,Completed 2-27-24,Unknown,Not Provided,Leak - Differential,"Gasket - Installed, Housing - Cleaned, Differential - Installed",SO0060571,1,Not Specified,1,PANJEO,150GV                        BANJO,"GSKT,1.5 VITON",8.4199,4.7199,2/28/2024,60.8192,7722.6398
SO0060574-1,SO0060574,1,2/19/2024,PASEIH,9861,SPRAYS,2024,JFGYS435KRT058433,0,Completed 2-27-24,Unknown,Not Provided,Not Mentioned - Drive Shaft,"Flex Plate Cover - Removed, Crossmember Nut - Removed, Drive Shaft - Removed, Slip Yoke - Removed, Crossmember - Jacked Up, Drive Shaft - Installed, Notch - Cut, Cover - Reinstalled, No Component Mentioned - Resecured",SO0060574,1,Not Specified,1,PANJEO,FC200                        BANJO,CLAMP MANIFOLD 2,5.35,3.14,2/28/2024,60.8192,7722.6398
SO0060612-1,SO0060612,1,2/19/2024,PASEIH,9861,SPRAYS,2024,JFGYS435KRT058433,0,Completed 2-27-24,Unknown,Not Provided,Stuck - Sensor,Home Sensor Harness - Repaired,SO0060612,1,Not Specified,2,PANJEO,M200CPG45                    BANJO,FLANGED 45 2,20.3599,8.9399,2/28/2024,60.8192,7722.6398
SO0060612-2,SO0060612,2,2/19/2024,PASEIH,9861,SPRAYS,2024,JFGYS435KRT058433,0,Completed 2-27-24,Unknown,Not Provided,Leak - Fitting,"O Ring - Replaced, Hydraulic Line - Reinstalled",SO0060612,2,Not Specified,0,ELDE,500512230                    ELDON,1-1/2EPDM SPRAY,0,0,2/28/2024,60.8192,7722.6398
SO0060630-1,SO0060630,1,2/19/2024,PASEIH,9861,SPRAYS,2024,JFGYS435KRT058433,0,Completed 2-27-24,Unknown,Not Provided,Not Spraying - Nozzle,"Coil - Replaced, System - Recalibrated",SO0060630,1,Not Specified,1,BAID,41592-00                     WILGER,BOOM TUBE CLAMP,4.11,2.5899,2/28/2024,60.8192,7722.6398
SO0060726-1,SO0060726,1,2/19/2024,PASEIH,9861,SPRAYS,2024,JFGYS435KRT058433,0,COMPLETED 2-23-24,Unknown,Not Provided,Hit - Shield,"Shield - Replaced, Spinner Disc - Replaced",SO0060726,1,Not Specified,20,ELDE,500512230                    ELDON,1-1/2EPDM SPRAY,108.6,65.2,2/26/2024,56.5488,10101.45
SO0060728-1,SO0060728,1,2/19/2024,PASEIH,9861,SPRAYS,2024,JFGYS435KRT058433,0,completed on 2-29-2024,Unknown,Not Provided,Not Mentioned - Boom,No Component Mentioned - No Component Mentioned,SO0060728,1,Not Specified,1,VELF,TM4819610                    TRACTO,FLOORMAT 4450,250,139.87,3/1/2024,0.45,306.25
SO0060728-3,SO0060728,3,2/19/2024,PASEIH,9861,SPRAYS,2024,JFGYS435KRT058433,0,completed on 2-27-24,Unknown,Not Provided,"Not Folding - Boom, Protruded - Boom",No Component Mentioned - No Component Mentioned,SO0060728,3,Not Specified,4,PASE,86980515                     CASE,NUT  LOCK,11.8,5.94,2/28/2024,3.33,2470.6497
SO0060728-4,SO0060728,4,2/19/2024,PASEIH,9861,SPRAYS,2024,JFGYS435KRT058433,0,completed on 2-27-24,Unknown,Not Provided,Leak - Boom,"Rod Pin - Removed, Line - Removed, Line - Sealed",SO0060728,4,Not Specified,4,PASE,48088113                     CASE,LAMP  WORK,1112.7998,765.76,2/28/2024,3.33,2470.6497
SO0060728-5,SO0060728,5,2/19/2024,PASEIH,9861,SPRAYS,2024,JFGYS435KRT058433,0,completed on 2-27-24,Unknown,Not Provided,Broken - Breakaway,"Deflector - Removed, Retainer - Removed, Mount Pin - Ran, Breakaway - Removed, Mount Pin - Installed, Deflector - Installed",SO0060728,5,Not Specified,3,PASE,48136137                     CASE,LENS,64.5,39.96,2/28/2024,3.33,2470.6497
SO0060739-1,SO0060739,1,2/19/2024,PASEIH,9861,SPRAYS,2024,JFGYS435KRT058433,0,completed on 2-27-24,Unknown,Not Provided,Not Mentioned - Not Mentioned,No Component Mentioned - No Component Mentioned,SO0060739,1,Not Specified,4,PASE,86980412                     CASE,BOLT,62.8,31.37,2/28/2024,3.33,2470.6497
SO0060747-1,SO0060747,1,2/19/2024,PASEIH,9861,SPRAYS,2024,JFGYS435KRT058433,0,completed on 2-27-24,Unknown,Not Provided,Error Code - Viper,No Component Mentioned - Installed,SO0060747,1,Not Specified,8,PASE,87529312                     CASE,WASHER,16.3999,7.49,2/28/2024,3.33,2470.6497
SO0060747-2,SO0060747,2,2/19/2024,PASEIH,9861,SPRAYS,2024,JFGYS435KRT058433,0,completed on 2-27-24,Unknown,Not Provided,Not Mounted - Camera,Camera - Installed,SO0060747,2,Not Specified,8,PASE,87529316                     CASE,WASHER,8.8,5.7,2/28/2024,3.33,2470.6497
SO0060747-3,SO0060747,3,2/19/2024,PASEIH,9861,SPRAYS,2024,JFGYS435KRT058433,0,completed on 2-27-24,Unknown,Not Provided,Not Mentioned - Not Mentioned,Bin Extension - Installed,SO0060747,3,Not Specified,2,PASE,87620862                     CASE,BACKER 2.5 IN TUBE,28.5,14.38,2/28/2024,3.33,2470.6497
SO0060747-4,SO0060747,4,2/19/2024,PASEIH,9861,SPRAYS,2024,JFGYS435KRT058433,0,completed on 2-27-24,Unknown,Not Provided,Not Mentioned - Not Mentioned,"Roll Tarp - Installed, Wire - Installed",SO0060747,4,Not Specified,1,PASE,90416561                     CASE,MOUNT,125.45,74.82,2/28/2024,3.33,2470.6497
SO0060747-5,SO0060747,5,2/19/2024,PASEIH,9861,SPRAYS,2024,JFGYS435KRT058433,0,completed on 2-27-24,Unknown,Not Provided,Not Mentioned - Not Mentioned,"Sensor - Installed, Wire Harness - Installed",SO0060747,5,Not Specified,1,PASE,90416563                     CASE,MOUNT,125.45,74.82,2/28/2024,3.33,2470.6497
SO0060756-1,SO0060756,1,2/19/2024,PASEIH,9861,SPRAYS,2024,JFGYS435KRT058433,0,completed on 2-27-24,Unknown,Not Provided,Not Mentioned - Not Mentioned,No Component Mentioned - No Component Mentioned,SO0060756,1,Not Specified,2,PASE,90419042                     CASE,LAMP,425.6,253.8199,2/28/2024,3.33,2470.6497
SO0060765-1,SO0060765,1,2/19/2024,PASEIH,9861,SPRAYS,2024,JFGYS435KRT058433,0,completed on 2-27-24,Unknown,Not Provided,"Not Seated - Boom, Not Achieving - Boom","Strut Bolt - Replaced, Cradle - Swapped",SO0060765,1,Not Specified,2,PASE,90452591                     CASE,MOUNT,41.5,24.74,2/28/2024,3.33,2470.6497
SO0060765-3,SO0060765,3,2/19/2024,PASEIH,9861,SPRAYS,2024,JFGYS435KRT058433,0,completed on 2-27-24,Unknown,Not Provided,Not Mentioned - Not Mentioned,No Component Mentioned - No Component Mentioned,SO0060765,3,Not Specified,8,PASE,86980384                     CASE,BOLT,30.8,14.16,2/28/2024,3.33,2470.6497
SO0060812-1,SO0060812,1,2/19/2024,CHR,PENT 950,SPRAYS,2020,FA2006378,2054,FUEL CODE 5585,"Fuel pump head had sticky plungers, check valves in the fuel pump head may be damaged as well due to plungers not to rebound.","The machine was in the Hutch workshop on February 14, 2024 with fuel code 5585. First, I double-checked the data read from the machine and noticed that the fuel rail pressure measurements appeared to be stuck at a higher pressure than the actual fuel rail",Not Installed - Camera,No Component Mentioned - No Component Mentioned,SO0060812,1,Not Specified,30,CLOVER,0999                         HUTCHC,DIESEL FUEL,94.5,99.9,3/28/2024,16.1999,3282.6
SO0060823-1,SO0060823,1,2/19/2024,CHR,PENT 950,SPRAYS,2020,FA2006378,2054,FUEL CODE 5585,"Fuel pump head had sticky plungers, check valves in the fuel pump head may be damaged as well due to plungers not to rebound.","The machine was in the Hutch workshop on February 14, 2024 with fuel code 5585. First, I double-checked the data read from the machine and noticed that the fuel rail pressure measurements appeared to be stuck at a higher pressure than the actual fuel rail",Not Starting - Machine,TCM Module - Installed,SO0060823,1,Not Specified,0,DUMMY,4928538                      CUM,GASKET FUEL PUMP,0,0,3/28/2024,16.1999,3282.6
SO0060826-1,SO0060826,1,2/19/2024,CHR,PENT 950,SPRAYS,2020,FA2006378,2054,FUEL CODE 5585,"Fuel pump head had sticky plungers, check valves in the fuel pump head may be damaged as well due to plungers not to rebound.","The machine was in the Hutch workshop on February 14, 2024 with fuel code 5585. First, I double-checked the data read from the machine and noticed that the fuel rail pressure measurements appeared to be stuck at a higher pressure than the actual fuel rail",Incorrect Reading - Fuel Tank,"No Component Mentioned - Replaced, No Component Mentioned - Configured, No Component Mentioned - Setting Up, No Component Mentioned - Tested",SO0060826,1,Not Specified,0,DUMMY,4010636                      CUM,SEAL MISC FUEL PUMP,0,0,3/28/2024,16.1999,3282.6
SO0060872-1,SO0060872,1,2/19/2024,CHR,PENT 950,SPRAYS,2020,FA2006378,2054,FUEL CODE 5585,"Fuel pump head had sticky plungers, check valves in the fuel pump head may be damaged as well due to plungers not to rebound.","The machine was in the Hutch workshop on February 14, 2024 with fuel code 5585. First, I double-checked the data read from the machine and noticed that the fuel rail pressure measurements appeared to be stuck at a higher pressure than the actual fuel rail",Control Issue - Venturi,No Component Mentioned - No Component Mentioned,SO0060872,1,Not Specified,1,REFEL,4954314RX                    PETERB,"HEAD,FUEL PUMP",1120.6,1120.6,3/28/2024,16.1999,3282.6
SO0060876-1,SO0060876,1,2/19/2024,PASEIH,6780,FLOATE,2019,JFGYF44BTJT048253,2662,Repair coap wheel concern,Unknown,"The machine started running with the coap wheels, tried a new speed sensor on both sides and had no luck. The voltage on the sensors was checked, everything was fine. Then I used a test node to try to slow down the gandys, which were still stuck wide open. The main control valve and coil were replaced and the function of c was checked",Oil Leak - Engine,Feed Line - Removed,SO0060876,1,Not Specified,1,PASE,87267935                     CASE,COIL,222,125.21,3/29/2024,9.3498,2970.97
SO0060886-1,SO0060886,1,2/19/2024,PASEIH,6780,FLOATE,2019,JFGYF44BTJT048253,2662,Repair coap wheel concern,Unknown,"The machine started running with the coap wheels, tried a new speed sensor on both sides and had no luck. The voltage on the sensors was checked, everything was fine. Then I used a test node to try to slow down the gandys, which were still stuck wide open. The main control valve and coil were replaced and the function of c was checked",Inoperative - Suspension,Tank - Drained,SO0060886,1,Not Specified,1,PASE,87270622                     CASE,"VALVE,HYDRAULIC",990,614.57,3/29/2024,9.3498,2970.97
SO0060886-2,SO0060886,2,2/19/2024,PASEIH,6780,FLOATE,2019,JFGYF44BTJT048253,2662,Ordered Slip mats for walkway to be installed,Unknown,seg ?- Install new anti-slip mat on the catwalk.      Drill out the old rivets from the old slip mat and remove them. Remove old residue from the previous slip mat. Lay out a new slip mat on the walkway. Mark the holes to be drilled for rivets in the mat. Start at one end and pull back a little,Leak - Belt,"Mount Plate - Installed, Flange - Installed, Motor - Installed, Fitting - Installed, Hose - Installed",SO0060886,2,Not Specified,1,PASE,344359A1                     CASE,MAT,31,19.3799,3/29/2024,5.6299,1479.88
SO0060886-3,SO0060886,3,2/19/2024,PASEIH,6780,FLOATE,2019,JFGYF44BTJT048253,2662,Ordered Slip mats for walkway to be installed,Unknown,seg ?- Install new anti-slip mat on the catwalk.      Drill out the old rivets from the old slip mat and remove them. Remove old residue from the previous slip mat. Lay out a new slip mat on the walkway. Mark the holes to be drilled for rivets in the mat. Start at one end and pull back a little,Not Turning - Auger,"Auger - Installed, Bearing - Installed, Chain - Installed, Sprocket - Installed, Key - Installed",SO0060886,3,Not Specified,1,PASE,344360A1                     CASE,MAT,280,182,3/29/2024,5.6299,1479.88
SO0060904-1,SO0060904,1,2/19/2024,PASEIH,6780,FLOATE,2019,JFGYF44BTJT048253,2662,Boom breakaway bumper needs repaired,Unknown,"Section 3  Forklift Remedy. Remove the clips from the breakaway pin and attempt to knock the pin out with a hammer. Pin was a little jammed. Spray with lead abrasive, blast out with a pneumatic hammer and remove the old tear-off bumper. Clean pin holes",Incorrect Reading - Fan,"Sensor - Removed, Sensor - Installed",SO0060904,1,Not Specified,2,PASE,BN25232                      CASE,BUMPER,67,33.78,3/29/2024,4.5,1078.1
SO0060911-1,SO0060911,1,2/19/2024,PASEIH,6780,FLOATE,2019,JFGYF44BTJT048253,2662,Boom breakaway bumper needs repaired,Unknown,"Section 3  Forklift Remedy. Remove the clips from the breakaway pin and attempt to knock the pin out with a hammer. Pin was a little jammed. Spray with lead abrasive, blast out with a pneumatic hammer and remove the old tear-off bumper. Clean pin holes",Error Code - Machine,No Component Mentioned - No Component Mentioned,SO0060911,1,Not Specified,2,PASE,BN52336                      CASE,CLIP,14.7,8.96,3/29/2024,4.5,1078.1
SO0060917-1,SO0060917,1,2/19/2024,PASEIH,6780,FLOATE,2019,JFGYF44BTJT048253,2662,Boom breakaway bumper needs repaired,Unknown,"Section 3  Forklift Remedy. Remove the clips from the breakaway pin and attempt to knock the pin out with a hammer. Pin was a little jammed. Spray with lead abrasive, blast out with a pneumatic hammer and remove the old tear-off bumper. Clean pin holes",Melted - Switch,"Harness - Installed, Four Wheel Drive Switch Harness - Reconnected",SO0060917,1,Not Specified,1,PASE,BN69467                      CASE,STOP,92.4,48.7,3/29/2024,4.5,1078.1
SO0060924-1,SO0060924,1,2/19/2024,PASEIH,6780,FLOATE,2019,JFGYF44BTJT048253,2662,Boom breakaway bumper needs repaired,Unknown,"Section 3  Forklift Remedy. Remove the clips from the breakaway pin and attempt to knock the pin out with a hammer. Pin was a little jammed. Spray with lead abrasive, blast out with a pneumatic hammer and remove the old tear-off bumper. Clean pin holes",Alarmed - No Component Mentioned,No Component Mentioned - No Component Mentioned,SO0060924,1,Not Specified,1,PASE,BN69745                      CASE,PIN,116.5,57.03,3/29/2024,4.5,1078.1
SO0060949-1,SO0060949,1,2/19/2024,PASEIH,6780,FLOATE,2019,JFGYF44BTJT048253,2662,Full tank of Fuel and 10 Gals of Def,Unknown,Installed 85 gallons of fuel and 10 gallons of def. Photos were then taken for the sales team,Loose - Gasket,"Rear Drive Shaft - Removed, Transmission Oil Hose - Drained, Left Cover - Removed, Rear Cover - Removed, Gasket - Cleaned, Gasket - Replaced",SO0060949,1,Not Specified,10,PASE,R32555                       CASE,BULK DEF REFILL,36.1,19.1999,3/29/2024,1.85,400.0399
SO0060980-3,SO0060980,3,2/19/2024,PASEIH,6780,FLOATE,2019,JFGYF44BTJT048253,2662,OIL LEAK,Leaking coolant hose,"Customer Complaint: Oil leak diagnosed as an antifreeze leak on the coolant hose causing resistance. After consultation with the customer, the device must be returned with parts for repair. Jjs 2-16-24 machine found antifreeze burnt out, needs to come back with parts on Monday",Leak - Auxiliary Transmission,"Seal - Replaced, Yoke - Installed, Drive Shaft - Installed",SO0060980,3,Not Specified,2,PASE,73344317                     CASE,85W140 GEARLUBE 5 GAL,280,207.02,3/29/2024,7.9099,1664.25
SO0060999-1,SO0060999,1,2/19/2024,PASEIH,6780,FLOATE,2019,JFGYF44BTJT048253,2662,T/S Transmission,Unknown,"Previous Excel spreadsheet notes from Monday February 19, 2024. It was recommended to pull out the rear differential and inspect it. Lower the rear differential, started at the left rear, marked and removed the hub bolts, lowered the hub, pulled out the hub and axle and checked visually, saw nothing",Hydraulic Issue - Sensor,Oil Temperature Sensor - Replaced,,,,,,,,,,,,
SO0060999-2,SO0060999,2,2/19/2024,PASEIH,9991,SPRAYS,,JFGYCC89CPT057043,218,Hyd oil leaking from Hydraulic Block under the machine,Loose Blank Plug Fitting  (BN60479),"2.19.24 - Arrived at machine, inspected and found oil leaking from drive pressure manifold, cleaned area and found empty plug fitting loose and o-ring seal pushed out, plug fitting removed, new o-ring seal (167268) tested and tested and block plug reassembled","Rate Issue - Machine, Chain Issue - Machine, Faulty - Bin","Rear Sensor - Replaced, Rear Sensor - Recalibrated, Valve - Swapped",,,,,,,,,,,,
SO0061006-1,SO0061006,1,2/19/2024,PASEIH,9991,SPRAYS,,JFGYCC89CPT057043,218,Hyd oil leaking from Hydraulic Block under the machine,Loose Blank Plug Fitting  (BN60479),"2.19.24 - Arrived at machine, inspected and found oil leaking from drive pressure manifold, cleaned area and found empty plug fitting loose and o-ring seal pushed out, plug fitting removed, new o-ring seal (167268) tested and tested and block plug reassembled",Not Folding - Boom,"Sensor - Replaced, Boom - Recalibrated, Software - Installed",,,,,,,,,,,,
SO0061019-1,SO0061019,1,2/19/2024,PASEIH,9991,SPRAYS,,JFGYCC89CPT057043,218,STEERING COLUMN TILT/TELESCOPE FUNCTION IS FREE AND WILL NOT LATCH / LOCK IN ANY POSITION,TILT/TELESCOPE STEER COLUMN CABLE NOT INSTALLED OR ROUTED CORRECTLY WHEN COLUMN WAS ASSEMBLED.,"02/19/24 - ARRIVED AT THE MACHINE AND CHECKED THAT THE STEERING COLUMN WAS NOT IN LOCK, DISASSEMBLED THE STEERING COLUMN AND FOUND THAT THE ADJUSTMENT CABLE WAS INCORRECTLY ROUTED AND CLAMPED SO IT WOULD NOT LOCK. The cable was removed and the cable was routed differently than C",Error Code - Unit,No Component Mentioned - No Component Mentioned,,,,,,,,,,,,
SO0061020-1,SO0061020,1,2/19/2024,PASEIH,9991,SPRAYS,,JFGYCC89CPT057043,218,STEERING COLUMN TILT/TELESCOPE FUNCTION IS FREE AND WILL NOT LATCH / LOCK IN ANY POSITION,TILT/TELESCOPE STEER COLUMN CABLE NOT INSTALLED OR ROUTED CORRECTLY WHEN COLUMN WAS ASSEMBLED.,"02/19/24 - ARRIVED AT THE MACHINE AND CHECKED THAT THE STEERING COLUMN WAS NOT IN LOCK, DISASSEMBLED THE STEERING COLUMN AND FOUND THAT THE ADJUSTMENT CABLE WAS INCORRECTLY ROUTED AND CLAMPED SO IT WOULD NOT LOCK. The cable was removed and the cable was routed differently than C",No Start - Machine,Battery Cable - Retightened,,,,,,,,,,,,
